1824 3009
334 719 396 758 De
414 718 612 769 legionum
639 731 710 770 per
736 720 901 759 alterum
928 719 1075 759 bellum
1096 719 1288 759 Punicum
1316 719 1485 758 historia
1513 719 1580 768 qui

233 785 405 825 scribere
442 786 620 837 suscipit,
654 786 689 826 si
716 791 890 836 quaerat,
919 787 986 836 qui
1014 787 1093 826 sint
1117 787 1158 826 in
1185 798 1234 826 ea
1260 798 1302 825 re
1336 786 1583 837 potissimum

232 855 413 891 auctores
440 851 695 903 respiciundi,
721 851 999 903 gravissimum
1026 856 1065 892 et
1091 851 1173 892 fere
1200 864 1321 906 unum
1339 851 1496 892 Livium
1523 852 1581 891 in-

232 918 375 958 veniet.
429 918 591 959 Scilicet
617 919 832 965 secundum
859 919 975 970 hunc,
1002 919 1045 958 in
1070 919 1122 958 iis
1151 918 1312 969 quidem
1344 919 1461 959 rebus
1495 931 1582 970 per-

232 984 464 1035 scribendis,
506 997 607 1034 quae
659 989 750 1032 ante
793 997 966 1035 pugnam
1011 984 1257 1024 Cannensem
1300 989 1435 1034 gestae
1479 989 1581 1035 sunt,

232 1049 392 1100 Polybii
432 1062 588 1101 quoque
628 1051 693 1090 vel
730 1051 901 1090 maxime
942 1051 1044 1090 ratio
1080 1050 1272 1090 habeatur
1308 1063 1469 1090 necesse
1502 1055 1583 1100 est3

232 1128 368 1155 earum
393 1128 487 1156 vero
514 1129 654 1167 rerum,
673 1129 783 1167 -quae
818 1117 911 1156 inde
954 1121 1179 1167 sequuntur,
1218 1129 1297 1156 non
1334 1117 1415 1156 iam
1455 1120 1584 1156 exstat

232 1182 419 1222 continua
444 1182 660 1235 descriptio
688 1184 730 1223 in
757 1184 937 1234 reliquiis
973 1183 1103 1234 operis
1138 1183 1362 1234 Polybiani,
1395 1195 1470 1223 nec
1503 1183 1583 1223 nisi

230 1260 431 1300 perpauca
457 1249 715 1300 reperiuntur,
743 1261 844 1300 quae
870 1249 923 1289 ad
949 1249 1147 1301 inceptum
1174 1249 1263 1289 usui
1301 1259 1387 1289 esse
1420 1249 1583 1300 possint.

232 1314 367 1355 Tertio
393 1316 480 1355 loco
506 1316 769 1356 numerandus
796 1321 856 1356 est
881 1316 1102 1367 Appianus;
1131 1317 1200 1366 qui
1226 1321 1369 1366 tamen,
1396 1320 1439 1354 ut
1467 1316 1578 1355 omit-

231 1383 358 1419 tamus
385 1380 584 1431 nonnulla,
612 1392 713 1430 quae
740 1380 900 1431 quidem
926 1393 976 1420 ex
1003 1381 1162 1432 optimis
1200 1380 1410 1420 annalibus
1441 1381 1583 1420 hausta

231 1458 318 1486 esse
345 1451 522 1498 apparet,
549 1446 711 1487 minime
730 1447 941 1498 diligenter
958 1448 1188 1499 perscriptis
1207 1448 1324 1488 rebus
1343 1448 1582 1488 militaribus

230 1512 498 1552 tantummodo
527 1525 698 1552 summas
725 1525 787 1552 res
814 1514 856 1552 in
881 1514 951 1552 illo
969 1506 1073 1552 bello
1092 1518 1224 1563 gestas
1244 1514 1416 1565 attingit.
1450 1513 1582 1561 Quare

230 1577 274 1617 fit
300 1582 343 1618 ut
369 1578 419 1618 de
447 1579 685 1619 exercitibus
711 1580 941 1630 plerumque
974 1583 1017 1619 ut
1051 1580 1201 1630 paratis
1239 1579 1292 1619 ad
1324 1580 1581 1630 pugnandum

232 1648 376 1694 narret,
403 1644 533 1684 mittat
551 1649 682 1685 autem
700 1657 888 1695 quaerere
906 1645 1011 1684 unde
1028 1645 1253 1685 exstiterint
1270 1645 1455 1695 itemque,
1483 1646 1581 1696 quid

233 1709 283 1749 de
310 1709 361 1749 iis
388 1710 543 1750 senatui
568 1710 762 1762 placuerit
788 1709 933 1761 quidve
961 1710 1012 1749 iis
1039 1710 1186 1750 factum
1214 1710 1267 1749 sit
1293 1714 1383 1761 post
1409 1722 1478 1750 eas
1505 1722 1580 1761 res,

230 1775 272 1815 in
300 1777 443 1827 quibus
478 1777 749 1818 describendis
777 1775 1027 1829 ‘singulorum
1061 1777 1303 1818 exercituum
1337 1778 1485 1818 mentio
1522 1778 1578 1818 fa-

230 1843 372 1883 cienda
399 1848 493 1883 erat.
534 1844 649 1892 Quod
675 1844 782 1884 idem
808 1845 931 1884 multo
958 1845 1086 1895 magis
1113 1845 1235 1883 etiam
1260 1844 1367 1883 cadit
1393 1845 1435 1883 in
1452 1844 1578 1897 Zopa-

229 1921 332 1961 ram3
374 1923 571 1962 quumque
611 1911 767 1951 omnino
807 1915 982 1962 uterque,
1022 1910 1227 1963 Appianus
1267 1910 1492 1962 praecipue,
1532 1911 1575 1951 in

229 1975 472 2026 singularum
500 1990 630 2017 rerum
656 1977 881 2017 narratione
898 1978 1028 2017 minus
1046 1981 1174 2017 certus
1194 1977 1425 2027 saepissime
1442 1976 1577 2016 videa-

228 2046 302 2093 tur,
329 2042 436 2083 haud
463 2043 582 2083 facile
610 2044 738 2083 ausim
773 2044 911 2084 horum
943 2043 1076 2083 verbis
1111 2064 1158 2070 —
1192 2042 1320 2082 sicubi
1355 2042 1580 2094 discrepent

228 2109 331 2149 inter
357 2122 400 2149 se
428 2111 639 2161 scriptores
668 2133 716 2138 —
744 2111 803 2151 uti
829 2110 882 2150 ad
908 2111 1030 2149 verba
1056 2111 1140 2149 sive
1167 2109 1273 2149 Livii
1301 2109 1385 2148 sive
1420 2109 1579 2159 Polybii

228 2173 447 2215 refutanda.

330 2242 513 2293 Denique
549 2243 752 2283 Plutarchi
789 2255 956 2294 quoque,
993 2242 1061 2293 qui
1101 2242 1142 2281 in
1170 2241 1295 2281 Fabio
1331 2240 1503 2280 Maximo
1542 2245 1580 2280 et

227 2308 414 2348 Marcello
441 2310 650 2349 nonnullas
678 2322 740 2349 res
768 2310 810 2349 in
837 2308 906 2349 illo
933 2309 1036 2349 bello
1064 2312 1195 2360 gestas
1230 2307 1417 2357 narravit,
1452 2307 1580 2347 obiter

227 2375 375 2415 mentio
401 2374 591 2416 faciunda
618 2380 688 2417 est.
730 2375 807 2424 Qui
835 2388 955 2427 quum
982 2388 1031 2416 ea
1056 2378 1219 2426 tantum,
1248 2385 1349 2425 quae
1377 2373 1430 2414 ad
1456 2373 1579 2414 vitam

227 2441 384 2481 illorum
411 2442 690 2493 imperatorum
718 2442 971 2493 pertinerent,
998 2441 1213 2491 collegerit,
1240 2441 1370 2481 minus
1398 2446 1581 2480 accurate

228 2510 268 2547 et
293 2507 380 2559 ipse
407 2507 457 2548 de
484 2508 653 2560 singulis
680 2508 920 2549 exercitibus
947 2507 1106 2559 scripsit
1132 2519 1298 2557 eamque
1333 2507 1383 2547 ob
1421 2520 1580 2547 causam

231 2574 369 2627 exigui
399 2577 587 2618 momenti
615 2577 667 2618 ad
693 2578 936 2630 propositum
963 2580 1138 2617 nostrum
1164 2575 1362 2628 putandus
1391 2581 1459 2615 est.
