1824 3009
851 172 900 208 45

303 281 364 331 26,
390 281 452 330 48,
481 281 504 318 6
542 279 739 330 legionem
778 283 959 330 quartam
997 279 1219 320 invenimus
1261 279 1303 318 in
1343 280 1549 331 Hispania.

203 346 318 394 Quod
347 349 386 385 et
410 345 540 396 ipsum
566 345 708 385 mirum
733 358 811 385 non
836 345 993 385 videtur
1021 358 1118 385 esse.
1170 346 1224 385 Ut
1249 346 1355 385 enim
1381 347 1461 385 iam
1487 359 1550 386 su—

199 425 271 465 pra
296 412 468 452 vidimus
494 411 548 462 (p.
581 412 634 463 7),
659 412 847 463 legiones,
875 425 976 462 quae
1003 412 1045 451 in
1082 412 1277 463 Hispania
1308 412 1476 464 fuerunt,
1510 414 1551 452 in

189 468 354 527 ¹summa
385 478 585 530 legionum
625 478 933 530 uniuscuiusque
970 479 1064 518 anni
1106 478 1222 519 modo
1262 478 1550 530 adnumeratas,

200 546 317 586 modo
344 545 642 597 praetermissas
670 557 769 596 esse,
796 545 853 585 ita
878 545 953 585 hoc
981 546 1068 585 loco
1094 546 1311 586 exercitum
1332 546 1550 598 Hispaniae

202 625 274 665 per
299 625 342 652 se
367 623 594 652 numerasse
621 611 759 651 Livius
793 611 950 651 videtur
977 634 1024 639 —
1054 612 1160 662 quod
1196 612 1297 652 alias
1337 625 1433 653 sane
1473 627 1550 653 non

198 679 312 719 fecit:
342 679 389 718 cf.
417 680 477 729 29,
506 681 540 730 2,
569 681 603 729 9,
633 691 709 729 quo
736 679 822 718 loco
849 678 1106 719 duodecimae
1132 683 1171 719 et
1196 679 1336 719 tertiae
1372 679 1548 720 decimae

197 745 366 797 legionis
393 746 630 787 mentionem
656 745 762 786 facit.

302 813 418 862 Quod
444 812 614 864 denique
642 813 782 853 attinet
808 813 860 855 ad
886 814 1053 864 primam
1080 813 1286 864 legionem,
1314 827 1415 864 quae
1444 827 1546 854 com-

200 885 436 921 memoratur
463 882 523 931 25,
549 882 609 931 21,
637 882 671 931 6,
690 881 829 931 negari
847 893 925 920 non
942 885 1081 931 potest,
1101 892 1189 920 eam
1207 892 1280 920 nec
1303 881 1548 920 consularem

198 947 268 987 illo
295 959 397 986 anno
425 959 498 986 nec
523 946 680 986 omnino
708 959 882 996 unquam
908 947 981 985 sub
1001 946 1161 985 consule
1179 946 1314 985 fuisse.
1355 946 1442 994 Quo
1459 947 1547 986 loco
1585 969 1588 971 ·

197 1014 277 1054 nisi
302 1026 373 1065 per
397 1025 567 1053 errorem
590 1013 726 1063 lapsus
753 1011 891 1051 Livius
918 1016 988 1062 est,
1011 1011 1203 1052 haudscio
1222 1025 1273 1052 an
1290 1012 1408 1052 lectio
1426 1013 1544 1052 libra-

200 1080 251 1119 rii
269 1079 437 1119 alicuius
455 1091 573 1117 manu
591 1077 807 1129 depravata
822 1078 886 1128 sit,
906 1078 984 1128 qui,
1004 1090 1123 1127 quum
1141 1078 1183 1117 in
1201 1078 1380 1129 proximo
1399 1079 1548 1130 scripta

198 1147 347 1198 legeret
372 1146 515 1185 verba:
543 1145 608 1196 „in
633 1145 795 1196 primo
829 1143 1079 1195 instructae“,
1117 1145 1315 1195 primam
1351 1145 1546 1196 legionem

198 1225 269 1264 pro
298 1212 380 1251 alia
409 1211 543 1251 nescio
570 1223 649 1261 qua
674 1210 861 1262 posuerit.

300 1278 430 1327 Quum
459 1277 580 1329 igitur
603 1277 754 1330 primae
773 1290 952 1329 quaeque
970 1278 1147 1329 legiones
1167 1279 1371 1319 consulum
1388 1278 1546 1330 fuerint,

197 1358 276 1385 non
302 1349 433 1392 autem
459 1344 622 1384 eaedem
649 1356 803 1395 semper
829 1344 1056 1383 consulibus
1095 1344 1307 1395 evenerint,
1345 1348 1464 1395 patet,
1496 1344 1546 1383 de

197 1411 351 1462 integro
394 1410 602 1461 quotannis
647 1410 824 1461 legiones
864 1414 1088 1450 numeratas
1128 1422 1226 1450 esse.
1284 1408 1547 1457 Quamobrem

197 1476 361 1516 Fulvius
391 1476 570 1528 Flaccus,
598 1477 666 1528 qui
692 1476 827 1516 consul
845 1489 947 1516 anno
969 1479 1041 1516 542
1066 1476 1222 1516 tertiam
1248 1489 1294 1503 ·-
1324 1480 1363 1515 et
1380 1475 1546 1515 fortasse

198 1542 377 1594 primam,
414 1547 456 1584 ut
493 1555 565 1595 per
591 1543 816 1594 analogiam
843 1543 1062 1583 iudicemus
1093 1566 1139 1571 --
1166 1542 1280 1583 duxit
1308 1542 1385 1594 (25,
1416 1544 1474 1593 14,
1504 1542 1545 1591 6)

198 1610 408 1660 proconsul
446 1613 581 1649 sextae
619 1609 770 1660 legioni
807 1609 979 1660 praefuit
1017 1610 1093 1660 (26,
1123 1612 1156 1660 5,
1187 1611 1261 1657 11).
1315 1607 1390 1647 Cui
1427 1620 1547 1658 quum

197 1673 393 1713 exercitus
436 1674 541 1714 idem
594 1674 755 1714 relictus
808 1675 880 1725 sit,
928 1673 1106 1714 ordinem
1160 1674 1406 1714 immutatum
1459 1686 1545 1714 esse

197 1745 371 1792 apparet.
437 1741 626 1792 Perinde,
674 1753 775 1792 quae
819 1742 997 1793 legiones
1040 1741 1113 1781 sub
1158 1741 1345 1781 Marcello
1386 1738 1545 1781 consule

197 1807 325 1857 prima
360 1812 399 1846 et
432 1807 550 1846 tertia
584 1807 739 1847 fuerant
774 1808 852 1858 (27,
887 1810 923 1858 2,
954 1810 1007 1858 7),
1048 1808 1121 1847 sub
1149 1807 1288 1846 eodem
1313 1807 1546 1858 proconsule

197 1872 518 1913 duodevicesima
550 1877 589 1913 et
614 1873 805 1914 vicesima
831 1878 921 1914 sunt
948 1874 1025 1925 (27,
1057 1876 1115 1924 12,
1147 1876 1204 1913 14.
1235 1876 1293 1925 14,
1322 1874 1373 1925 3).
1425 1874 1546 1914 Porro

197 1937 335 1978 Livius
389 1952 491 1979 anno
540 1942 613 1979 543
660 1941 857 1992 legionem
909 1941 1045 1981 Flacci
1093 1941 1340 1992 proconsulis
1385 1941 1464 1992 (26,
1511 1943 1545 1991 5,

200 2004 277 2056 11),
313 2007 388 2044 544
428 2006 561 2046 Fulvii
601 2005 823 2047 Centumali
866 2007 943 2058 (27,
981 2010 1014 2058 1,
1054 2010 1117 2055 11)
1159 2007 1358 2059 legionem
1393 2012 1545 2048 sextam

197 2071 306 2122 dicit,
346 2074 406 2123 29,
454 2073 515 2122 24,
560 2071 605 2109 13
651 2084 744 2112 vero
781 2094 827 2099 —
867 2084 970 2111 anno
1013 2074 1086 2111 550
1124 2095 1169 2100 —
1210 2073 1363 2112 scribit:
1408 2073 1546 2123 quinta

196 2141 236 2177 et
262 2141 406 2177 sexta
430 2137 608 2188 legiones
638 2136 864 2178 Cannenses
891 2141 1012 2178 erant.
1054 2137 1246 2178 Similiter
1271 2137 1544 2178 duodecimam

197 2208 236 2244 et
270 2204 427 2244 tertiam
461 2203 657 2244 decimam
692 2204 888 2256 legionem
922 2218 1025 2246 anno
1068 2207 1143 2244 549
1173 2205 1214 2244 in
1240 2205 1436 2256 Hispania
1464 2203 1544 2255 (29,

198 2272 233 2322 2,
262 2269 315 2322 9),
342 2283 445 2310 anno
473 2273 543 2309 551
572 2271 615 2311 in
644 2271 777 2311 Gallia
803 2272 880 2323 (30,
903 2274 961 2323 18,
980 2274 1015 2311 8.
1034 2271 1084 2321 9.)
1113 2271 1235 2312 fuisse
1261 2272 1544 2323 cognoscimus.

197 2336 379 2387 Denique
407 2339 614 2388 (1111111127,
648 2340 704 2388 14,
734 2339 755 2376 3
783 2338 888 2388 legio
917 2338 1108 2378 vicesima
1131 2338 1309 2378 Marcelli
1333 2337 1463 2389 fuerit,
1483 2340 1543 2389 27,

198 2405 259 2453 38,
291 2405 337 2440 10
366 2403 551 2442 volonum
577 2401 699 2441 fuisse
724 2402 900 2452 legiones
926 2401 1260 2441 undevicesimam
1297 2406 1335 2442 et
1365 2402 1543 2442 vicesi-

197 2481 314 2509 mam
341 2468 477 2510 Livius
505 2469 613 2510 dicit.
654 2468 811 2509 Certam
837 2472 968 2509 autem
994 2468 1197 2520 rationem,
1223 2481 1302 2519 qua
1328 2480 1399 2509 eae
1420 2469 1543 2521 legio-

196 2548 278 2587 nes,
304 2549 406 2587 quae
431 2536 634 2577 consulum
660 2548 738 2577 non
769 2539 891 2587 erant,
929 2535 972 2574 in
1013 2534 1191 2575 ordinem
1218 2534 1414 2576 redactae
1453 2536 1544 2588 sint,
