1824 3009
857 185 906 222 43

212 298 404 338 successit
429 312 532 338 nova
556 299 674 349 legio,
701 311 751 338 ex
778 312 857 349 qua
882 312 985 339 anno
1019 300 1087 337 551
1133 299 1211 338 duo
1245 299 1357 338 milia
1388 299 1558 338 militum

211 365 286 406 Gn.
313 359 479 406 Octavio
497 366 682 416 praetori,
703 366 770 417 qui
799 366 917 406 classi
936 365 989 406 ad
1015 366 1181 407 tuendas
1218 365 1428 406 Sardiniae
1467 377 1557 404 oras

209 435 402 483 praeerat,
429 431 524 471 data
547 436 647 472 sunt.
698 433 759 472 Ea
785 432 890 483 legio
914 436 953 472 et
986 433 1074 484 ipsa
1111 433 1153 473 in
1189 433 1320 473 insula
1357 430 1557 481 remansit,

210 497 336 539 donee
361 498 508 539 bellum
533 499 687 539 finitum
710 483 784 539 est.

313 566 360 605 In
404 565 640 617 Hispaniam
678 564 793 606 initio
833 565 966 604 statim
1009 565 1104 604 belli
1145 565 1342 617 Scipionis
1385 565 1557 605 consulis

210 632 427 673 exercitum
453 633 525 673 sub
553 633 688 674 Gnaeo
715 632 836 673 fratre
863 632 1026 672 missum
1051 644 1138 672 esse
1156 632 1236 673 iam
1254 645 1373 684 supra
1390 645 1555 673 comme-

210 700 449 739 moravimus
477 700 532 751 (p.
566 701 648 751 12);
683 700 752 750 qui
779 699 923 739 deinde
960 699 1183 749 insequenti
1218 712 1322 739 anno
1360 702 1432 737 537
1470 704 1557 738 octo

210 765 371 806 milibus
411 767 483 806 sub
526 768 567 806 P.
608 766 794 818 Scipione
834 765 967 806 missis
1007 769 1145 805 auctus
1172 770 1233 805 cst
1257 765 1360 814 (Liv.
1390 767 1451 816 22,
1478 765 1557 815 22).

209 833 335 873 Victis
363 838 402 873 et
428 834 646 874 interfectis
673 846 776 873 anno
803 834 877 871 542
907 832 1160 883 Scipionibus
1188 832 1261 872 Gn.
1294 833 1465 872 Marcius
1498 845 1556 872 re—

208 900 353 950 liquias
392 901 589 941 exereitus
629 901 802 941 servavit
842 900 945 950 (Liv,
987 901 1047 950 25,
1085 912 1117 939 c.
1152 900 1331 950 37—39),
1370 912 1482 950 quae,
1516 904 1559 939 ut

211 966 490 1007 concludamus
517 979 567 1006 ex
593 967 656 1018 iis,
684 980 782 1018 quas
813 980 903 1008 cum
932 967 984 1007 iis
1017 967 1152 1018 gessit,
1190 967 1318 1017 rebus,
1357 966 1464 1006 haud
1502 966 1560 1006 ita

209 1032 378 1084 exiguae
404 1038 568 1085 possunt
593 1033 727 1075 fuisse.
776 1033 904 1086 Capta
928 1047 1022 1075 vero
1049 1033 1187 1086 Capua
1213 1033 1382 1073 maiores
1409 1033 1559 1085 copiae,

210 1101 283 1140 sub
298 1100 465 1141 Claudio
480 1101 634 1141 Nerone
648 1102 829 1153 primum,
844 1102 989 1142 deinde
1008 1102 1080 1141 sub
1094 1101 1281 1152 Scipione
1295 1100 1560 1151 adulescente,

207 1165 351 1217 viginti
378 1170 562 1217 quattuor
588 1168 745 1209 omnino
785 1168 907 1220 milia,
942 1168 985 1208 in
1020 1167 1255 1220 Hispaniam
1290 1166 1436 1207 missae
1471 1171 1561 1207 sunt

210 1232 290 1283 (26,
323 1235 381 1283 17,
413 1236 443 1272 1.
473 1247 505 1273 c.
536 1237 593 1285 19,
625 1234 700 1285 10),
726 1235 783 1274 ita
817 1239 861 1274 ut
901 1235 990 1285 plus
1029 1234 1196 1284 triginta
1234 1234 1347 1272 milia
1390 1234 1560 1272 militum

207 1299 513 1350 legionariorum
547 1300 590 1340 in
626 1300 821 1353 Hispania
855 1300 979 1341 fuisse
1018 1305 1209 1352 appareat
1237 1299 1304 1351 (ef.
1332 1301 1393 1351 26,
1418 1301 1481 1351 42,
1510 1298 1559 1348 1).

208 1367 418 1406 Praeterea
445 1367 623 1419 Scipioni
648 1376 698 1407 e'x
724 1368 856 1419 sociis,
884 1368 952 1419 qui
981 1369 1023 1407 in
1054 1368 1250 1419 Hispania
1275 1372 1398 1418 erant,
1426 1379 1557 1407 acces-

208 1434 359 1474 sionem
387 1432 531 1475 virium
558 1435 703 1476 factam
730 1447 817 1476 esse
844 1435 1082 1488 perspicitur
1108 1448 1158 1475 ex
1188 1448 1219 1476 c.
1245 1437 1307 1486 41,
1331 1436 1365 1475 2.
1393 1434 1557 1475 Omnem

211 1501 425 1541 exercitum
453 1501 653 1553 Scipionis
681 1506 863 1552 quattuor
888 1503 1089 1553 legionum
1126 1501 1250 1542 fuisse
1289 1515 1366 1541 uno
1405 1505 1557 1542 tantum

209 1566 297 1605 loco
325 1567 403 1616 (27,
434 1568 494 1617 36,
520 1567 582 1616 12)
609 1567 784 1607 dilucide
811 1567 949 1607 Livius
976 1568 1090 1617 dicit3
1119 1569 1191 1609 sed
1217 1568 1452 1620 compluries
1478 1580 1556 1607 non

206 1633 439 1672 nominatim
466 1645 513 1673 eo
541 1634 717 1674 exercitu
746 1640 1048 1675 commemorato
1076 1640 1207 1675 tamen
1224 1647 1429 1675 numerum
1446 1639 1556 1685 quat-

207 1701 295 1737 tuor
322 1698 523 1750 legionum
551 1698 592 1738 in
631 1699 825 1740 rationem
865 1700 1032 1740 induxit.
1086 1700 1280 1751 Ceterum,
1320 1712 1557 1751 quamquam

207 1765 346 1806 Livius
373 1768 434 1816 30,
462 1769 523 1817 41,
554 1768 576 1804 5
604 1766 720 1806 dicit:
751 1768 809 1817 „is
836 1780 885 1807 ex
913 1768 1066 1807 duobus
1094 1768 1335 1808 exercitibus
1362 1768 1405 1807 in
1439 1780 1557 1806 unam

205 1832 402 1883 legionem
430 1832 693 1872 conscriberet
721 1831 905 1884 milites“,
932 1837 1064 1872 tamen
1091 1833 1326 1873 adducimur
1351 1836 1394 1872 ut
1421 1831 1555 1872 creda-

206 1911 305 1950 mus,
333 1899 368 1939 si
397 1899 526 1939 minus
552 1903 642 1939 ante
670 1912 816 1939 annum
842 1901 929 1950 551,
960 1904 1001 1940 at
1027 1912 1074 1940 eo
1101 1912 1204 1940 anno
1232 1899 1480 1939 imminutum
1504 1898 1556 1939 ad

205 1969 285 2005 tres
326 1965 502 2016 legiones
543 1965 656 2004 illum
691 1977 894 2005 numerum
936 1977 1034 2016 esse,
1079 1965 1277 2016 siquidem
1313 1966 1556 2016 singulorum

206 2032 449 2073 exercituum
474 2031 807 2073 enumerationem
838 2044 926 2072 cum
953 2044 1115 2084 summa,
1137 2045 1254 2083 quam
1272 2031 1399 2072 edidit
1417 2031 1555 2072 Livius

206 2098 285 2150 (30,
313 2101 348 2139 2.
373 2101 434 2150 30,
464 2101 530 2147 27)
558 2111 773 2150 congruere
800 2099 990 2139 volumus.
1043 2100 1103 2138 Ex
1131 2099 1275 2149 quibus
1309 2098 1453 2139 deinde
1487 2111 1554 2149 po-

206 2168 350 2205 stremo
376 2178 478 2206 anuo
505 2164 617 2216 (553)
645 2165 752 2216 legio
779 2177 859 2205 una
890 2164 998 2206 facta
1020 2169 1098 2205 ‘est
1139 2170 1367 2215 ceterosque
1409 2164 1555 2204 milites

205 2232 459 2282 proconsules
494 2231 653 2271 domum
680 2231 867 2271 reducere
894 2232 993 2271 iussi
1020 2236 1110 2271 sunt
1137 2232 1216 2281 (30,
1245 2233 1307 2280 41,
1335 2230 1387 2277 5).
1440 2230 1556 2277 Quod

205 2301 337 2338 tamen
363 2297 661 2348 insequentibus
689 2297 846 2338 demum
870 2298 995 2348 annis,
1032 2309 1105 2337 nec
1139 2297 1219 2337 iam
1250 2300 1424 2347 tempore
1459 2296 1555 2336 belli

206 2364 346 2404 Punici
372 2364 520 2403 factum
546 2369 616 2403 est.
1429 2390 1449 2404 0

308 2431 393 2470 Iam
418 2434 636 2482 postquam,
667 2441 768 2480 quae
795 2429 845 2469 de
865 2429 1031 2469 historia
1048 2429 1290 2479 singulorum
1308 2429 1553 2469 exercituum

205 2496 438 2549 investigari
464 2509 580 2548 posse
606 2495 800 2547 videntur,
835 2508 885 2536 ea
925 2496 1191 2547 cognovimus,
1231 2495 1284 2535 ad
1323 2500 1551 2547 extremum,

207 2575 459 2616 quoscunque
485 2576 667 2605 numeros
696 2563 874 2605 ordinem
909 2563 1108 2615 legionum
1143 2563 1413 2616 significantes
1448 2564 1555 2617 apud
