1824 3009
885 142 930 178 17

233 257 410 307 ducibus,
438 254 582 295 deinde
618 255 769 305 Regulo
806 258 846 293 et
878 253 1047 294 Servilio
1088 255 1315 294 consulibus
1358 261 1584 305 evenerunt,

232 322 538 374 disputationem
564 334 643 361 non
670 321 908 360 desiderant.
961 320 1189 371 Insequenti
1216 326 1349 361 autem
1377 334 1480 361 anno
1508 323 1583 362 etsi

232 401 328 429 sane
355 388 567 440 perspicua
593 399 655 427 res
684 400 770 427 esse
798 386 965 439 videtur,
1007 391 1139 428 tamen
1173 393 1359 439 percaute
1396 389 1446 429 de
1484 402 1584 429 novo

233 455 380 495 dilectu
407 455 545 494 Livius
573 455 657 505 agit
683 455 734 502 (c.
763 455 841 503 36).
885 455 995 495 Dicit
1023 456 1145 494 enim:
1173 455 1311 495 decem
1337 457 1449 495 milia
1468 470 1583 496 novo-

233 535 317 562 rum
345 522 514 561 militum
541 522 612 561 alii
640 522 788 574 scripta
815 522 856 562 in
883 522 1207 574 supplementum,
1236 522 1307 562 alii
1332 535 1454 563 novas
1473 527 1583 573 quat-

233 593 320 628 tuor
346 589 536 640 legiones,
563 594 606 629 ut
633 594 720 629 octo
738 590 960 640 legionibus
980 602 1062 629 rem
1079 594 1278 641 gererent;
1308 602 1469 630 numero
1488 603 1583 640 quo-

232 668 307 707 que
325 655 504 707 peditum
522 657 774 708 equitumque
793 657 970 708 legiones
989 660 1126 698 auctas
1145 689 1152 696 .
1171 689 1177 696 .
1194 689 1201 696 .
1222 656 1384 708 quidam
1403 661 1583 697 auctores

231 727 331 762 sunt.
385 722 466 762 Sed
493 727 531 762 et
558 735 608 762 ex
634 724 697 774 iis,
732 737 833 774 quae
861 724 1021 778 disserit
1047 724 1237 776 Polybius
1267 725 1315 774 (c.
1347 715 1437 775 107)
1466 729 1505 764 ct
1533 737 1582 764 ex

232 789 417 840 numeris,
446 790 513 839 qui
532 790 633 829 alias
652 790 701 830 de
721 792 896 831 exercitu
912 791 1110 831 Cannensi
1128 792 1388 842 reperiuntur,
1407 796 1582 842 apparet,

231 855 308 894 tria
334 855 405 894 illa
431 856 586 895 senatui
613 856 822 908 placuisse,
849 858 874 896 i.
904 870 935 896 e.
965 862 1052 897 octo
1080 858 1257 909 legiones
1285 858 1492 908 quinorum
1510 857 1581 896 mi-

231 922 328 960 lium
367 921 555 972 peditum,
594 927 840 962 trecenorum
880 924 1055 973 equitum
1096 923 1295 978 contectas
1337 936 1435 974 esse,
1481 935 1581 974 quae

232 993 368 1029 contra
404 988 667 1029 Hannibalem
701 994 933 1041 pugnarent.
986 990 1049 1030 Ad
1085 1004 1183 1041 quas
1224 990 1417 1031 accedunt
1457 1003 1582 1031 novae

231 1056 407 1106 legiones
434 1056 608 1095 urbanae
635 1055 738 1104 (Liv.
765 1058 826 1107 23,
857 1060 916 1107 14,
947 1056 999 1104 2).
1058 1057 1164 1104 Quid
1198 1062 1332 1097 autem
1366 1058 1582 1108 superioris

232 1122 325 1161 anni
356 1122 581 1173 legionibus
609 1122 770 1163 urbanis
799 1122 946 1163 factum
985 1124 1047 1175 sit,
1085 1137 1226 1175 parum
1267 1128 1438 1175 constat3
1481 1136 1581 1174 quae

232 1193 362 1227 tamen
394 1188 587 1228 haudseio
624 1202 676 1228 an
709 1189 855 1229 fuerint
887 1190 1065 1230 Gallicae
1094 1191 1272 1241 legiones
1301 1191 1404 1239 (Liv.
1433 1192 1493 1240 23,
1523 1192 1582 1240 24,

232 1255 272 1302 8)
292 1253 332 1305 ¹),
373 1266 474 1304 quae
512 1255 584 1294 sub
621 1255 663 1294 L.
700 1255 902 1295 Postumio
938 1256 1085 1297 missae
1125 1258 1243 1308 paulo
1283 1261 1372 1308 post
1412 1269 1583 1307 pugnam

233 1319 481 1360 Cannensem
518 1333 606 1360 cum
646 1321 746 1361 duce
774 1322 927 1362 deletae
956 1327 1057 1374 sunt,
1086 1323 1156 1372 (ib.
1183 1324 1208 1372 ξ
1237 1324 1379 1373 6-13)
1410 1346 1458 1350 -
1484 1336 1582 1374 quas

232 1386 391 1437 quidem
420 1400 521 1427 novo
549 1387 697 1428 dilectu
724 1389 966 1440 conscriptas
994 1402 1080 1429 esse
1108 1402 1181 1430 nec
1207 1390 1375 1441 legimus
1407 1403 1582 1440 usquam,

232 1466 305 1493 nec
327 1454 542 1493 verisimile
561 1459 621 1493 est
647 1459 856 1506 propterea
883 1456 989 1506 quod
1015 1456 1218 1496 etiamtum
1245 1456 1415 1496 Servilio
1443 1462 1482 1497 et
1509 1458 1582 1496 Re—

233 1520 325 1569 gulo
370 1520 615 1571 consulibus,
660 1521 684 1559 i.
731 1533 763 1560 e.
811 1534 914 1561 anno
956 1524 1027 1560 537
1071 1523 1295 1563 Postumius
1340 1523 1483 1563 missus
1524 1528 1583 1563 est

232 1584 387 1636 (Polyb.
422 1586 492 1636 III,
535 1587 617 1636 106,
655 1586 707 1635 6).
761 1586 876 1634 Quod
915 1592 1046 1627 autem
1093 1587 1231 1628 Livius
1272 1589 1470 1638 significat
1504 1590 1580 1638 (23,

232 1654 293 1703 24,
322 1653 372 1703 8),
400 1652 506 1692 cives
534 1653 731 1692 Romanos
759 1657 910 1693 tantum
936 1654 977 1693 in
1005 1654 1085 1694 illis
1113 1654 1337 1705 legionibus
1365 1654 1501 1705 fuisse,
1529 1654 1581 1693 ad

233 1731 331 1768 quos
365 1717 509 1757 deinde
546 1718 588 1757 in
624 1731 718 1769 agro
759 1719 906 1759 Umbro
945 1724 984 1759 et
1017 1720 1163 1760 Piceno
1191 1720 1290 1760 socii
1315 1721 1463 1760 adiecti
1492 1720 1583 1770 sint,

232 1785 349 1835 plane
368 1784 549 1824 convenit
577 1797 665 1824 cum
691 1789 826 1825 nostra
852 1786 1058 1836 sententia,
1085 1786 1208 1826 fuisse
1236 1787 1340 1827 hunc
1367 1786 1582 1826 exercitum

233 1850 412 1902 eundem,
441 1863 556 1901 quem
583 1852 774 1891 urbanum
801 1852 938 1892 Livius
968 1854 1027 1903 22,
1062 1856 1103 1891 11
1110 1885 1119 1904 ,
1148 1856 1171 1892 9
1199 1854 1426 1905 appellavit.

334 1917 541 1957 Exercitus
570 1917 801 1969 Cannensis,
837 1919 905 1968 qui
932 1931 1037 1958 nunc
1076 1920 1190 1960 nobis
1230 1920 1468 1971 spectandus
1512 1924 1582 1970 est,

233 1997 283 2024 ex
309 1984 462 2024 duabus
497 1985 674 2035 partibus
711 1986 949 2036 compositus
989 1990 1084 2037 erat,
1121 1991 1298 2027 veterum
1332 1987 1503 2026 militum
1544 1993 1583 2026 et

231 2051 418 2101 tironum;
447 2055 611 2101 utraque
639 2055 771 2091 autem
796 2064 888 2103 pars
930 2056 1112 2102 quattuor
1147 2053 1348 2104 legionum
1383 2057 1478 2093 erat.
1531 2053 1581 2092 Et

233 2118 294 2157 illi
322 2118 481 2168 quidem
507 2118 680 2157 maxima
716 2131 765 2158 ex
801 2123 912 2170 parte
946 2119 1104 2159 fuerunt
1132 2142 1180 2146 —
1207 2124 1362 2171 praeter
1398 2133 1476 2171 eos,
1513 2120 1582 2170 qui

233 2184 285 2223 ad
312 2184 499 2223 Trebiam
525 2190 797 2236 pugnaverant
828 2208 869 2212 —
899 2186 930 2225 ii
956 2186 1113 2237 milites,
1143 2199 1239 2237 quos
1258 2187 1460 2238 superiore
1479 2199 1581 2225 anno

233 2250 425 2290 Servilius
453 2255 492 2290 et
518 2251 665 2291 Fabius
694 2252 1026 2303 conscripserant3
1067 2253 1118 2292 ad
1146 2266 1243 2303 quos
1271 2253 1487 2292 accessisse
1523 2252 1580 2292 vi-

324 2352 354 2393 l)
380 2351 488 2384 Unam
506 2355 642 2384 tantum
661 2352 829 2395 legionem
846 2355 982 2386 missam
998 2364 1068 2387 esse
1084 2354 1243 2396 Polybius
1258 2354 1367 2387 tradit
1383 2355 1423 2394 (c,
1446 2355 1518 2394 106,
1534 2356 1580 2396 6).

234 2410 392 2443 Fortasse
415 2411 602 2443 exercitum
627 2412 803 2453 urbanum,
829 2413 928 2445 sociis
951 2413 1101 2445 nondum
1117 2413 1266 2454 adiectis,
1290 2424 1353 2454 pro
1367 2423 1434 2445 una
1449 2412 1583 2455 legione

232 2468 363 2509 habuit,
387 2470 446 2510 qui
469 2468 590 2501 deinde
614 2473 690 2511 post-
713 2471 935 2503 accessionem
957 2472 1125 2504 sociorum
1153 2471 1315 2504 haudseio
1348 2482 1391 2504 an
1422 2472 1457 2503 in
1495 2472 1579 2504 duas

232 2526 360 2560 divisus
383 2528 437 2560 sit.

1338 2577 1360 2611 2
