1824 3009
866 182 913 218 25

215 292 398 331 Attamen
425 291 578 341 aliquid
607 292 691 331 veri
719 304 837 342 quum
865 292 907 330 in
933 291 1014 330 illis
1041 292 1172 331 verbis
1191 287 1338 331 inesse
1373 292 1565 342 videatur,

216 358 275 398 sic
302 354 521 408 statuimus,
547 358 777 397 Marcellum
803 357 853 397 de
879 357 1085 409 provincia
1114 358 1370 398 decedentem
1394 381 1442 386 —
1462 359 1566 409 quod

215 424 432 464 secundum
458 424 543 463 Liv.
574 426 634 474 26,
662 427 722 474 21,
753 427 768 462 1
804 425 911 463 exitu
946 425 1109 464 aestatis
1144 425 1291 464 factum
1325 430 1385 465 est
1411 447 1458 453 ——
1487 427 1565 477 pri-

215 503 321 530 mum
336 490 506 531 Otacilio
533 490 709 541 legiones
736 502 827 530 suas
856 490 1081 541 tradidisse,
1109 497 1287 542 eumque,
1316 491 1442 532 donec
1465 505 1565 532 mor-

214 561 304 596 tuus
332 561 402 607 est,
429 557 637 607 imperium
665 558 855 608 tenuisse;
883 562 972 609 post
1001 562 1164 598 mortem
1201 558 1356 598 demum
1393 560 1478 599 eius
1516 561 1565 599 M.

216 623 432 675 Cethegum
464 624 506 664 in
542 624 722 665 Siciliam
761 638 849 665 cum
884 625 1051 677 imperio
1093 625 1255 665 missum
1296 637 1394 667 esse.
1447 627 1564 677 (Huic

215 692 319 731 enim
348 691 494 743 Apulia
518 685 723 743 provincia
748 691 942 743 evenerat,
978 693 1062 732 Liv.
1092 695 1151 743 25,
1178 695 1238 742 41,
1272 696 1344 740 13.)
1399 695 1486 742 Qua
1523 708 1563 734 re

213 759 361 799 factum
388 763 460 809 est,
488 763 531 798 ut
553 759 615 799 bis
644 759 806 799 eaedem
833 759 1009 811 legiones
1036 773 1061 799 a
1081 760 1195 799 Livio
1217 773 1564 802 commemoraren-

214 829 286 865 tur.
340 824 531 865 Ceterum·
549 824 746 876 Cethegus
759 819 886 865 'initio
904 833 907 835 ’
926 826 1021 865 anni
1050 828 1124 864 544
1160 827 1375 867 exercitum
1413 827 1564 868 dimisit

214 892 318 943 (Liv.
348 895 409 943 26,
438 894 499 944 28,
531 893 606 942 10).

316 958 445 1006 Quum
481 964 612 999 autem
647 959 820 1000 nondum
863 961 961 1000 satis
1001 964 1143 1012 pacata
1177 961 1312 1000 insula
1353 961 1563 1012 videretur,

212 1041 313 1068 novo
341 1027 517 1068 exercitu
543 1027 682 1068 eodem
711 1028 780 1068 illo
804 1041 907 1069 anno
936 1029 1009 1068 sub
1036 1028 1195 1069 Valerio
1236 1028 1412 1069 Laevino
1449 1042 1562 1069 occu·
1585 1067 1589 1071 Α

211 1098 306 1144 pata
332 1098 404 1144 est,
431 1093 481 1132 de
509 1106 585 1143 quo
614 1094 837 1133 accuratius
864 1094 968 1133 infra
995 1095 1109 1134 nobis
1132 1094 1329 1145 agendum
1346 1096 1431 1134 erit.
1470 1096 1564 1134 Post

211 1159 324 1200 illum
350 1172 444 1201 vero
472 1172 615 1200 annum
650 1160 758 1200 solae
795 1159 972 1212 legiones
1014 1160 1241 1201 Cannenses
1281 1160 1482 1213 praesidio
1523 1161 1564 1201 in

211 1226 343 1265 insula
367 1231 637 1265 remanserunt
662 1227 714 1277 (p.
744 1229 821 1275 22).
876 1228 986 1274 Quae
1014 1232 1272 1278 posteaquam
1305 1228 1478 1267 maxima
1514 1241 1564 1267 ex

211 1296 322 1344 parte
352 1305 440 1333 cum
467 1291 653 1344 Scipione
682 1292 724 1332 in
750 1292 924 1333 Africam
957 1294 1211 1334 transmissae
1243 1297 1351 1346 sunt,
1390 1294 1560 1335 insulam

210 1360 448 1399 obsederunt
477 1364 515 1399 et
541 1361 583 1410 ii,
616 1361 683 1409 qui
703 1373 728 1399 a
743 1354 928 1411 Scipione
946 1362 1074 1401 relicti
1092 1366 1214 1411 erant,
1234 1353 1272 1401 et
1289 1363 1561 1412 supplementa

210 1439 312 1466 anno
342 1420 413 1465 551
444 1425 566 1466 missa
589 1425 666 1477 (30,
694 1428 727 1477 2,
761 1428 814 1478 1),
833 1440 997 1478 quorum
1024 1431 1155 1468 tamen
1181 1440 1273 1479 pars
1302 1427 1470 1467 dimidia
1492 1441 1558 1479 po-

210 1496 295 1531 stea
312 1483 363 1531 ‘in
388 1493 545 1531 Italiam
572 1498 754 1532 revocata
780 1498 841 1532 est
868 1496 947 1544 (30,
976 1497 1036 1543 27,
1062 1495 1115 1543 9).
1155 1495 1377 1534 Siculorum
1405 1507 1560 1544 quoque

215 1580 254 1585 -
286 1570 383 1609 quos
409 1558 489 1597 iam
514 1559 586 1598 sub
613 1559 772 1599 Valerio
800 1560 991 1600 militasse
1016 1560 1153 1600 Livius
1168 1561 1245 1612 (27,
1261 1562 1297 1612 8,
1316 1560 1379 1611 15)
1397 1559 1496 1600 dicit
1511 1582 1559 1588 -—

208 1625 382 1675 aliquem
406 1638 610 1664 numerum
635 1623 837 1665 etiamtum
854 1627 895 1665 in
922 1628 1098 1677 exercitu
1115 1628 1238 1666 fuisse
1256 1627 1472 1667 verisimile
1490 1632 1559 1666 est.

208 1689 290 1728 Eae
318 1689 441 1740 igitur
468 1689 617 1741 copiae,
647 1702 747 1741 quae
775 1690 1006 1731 coniunctae
1033 1691 1132 1731 duas
1160 1692 1338 1751 legiones
1376 1692 1561 1746 videntur

208 1756 388 1796 effecisse
417 1757 494 1808 (30,
525 1760 584 1808 27,
611 1761 645 1798 8.
676 1773 707 1798 c.
734 1762 795 1809 41,
824 1759 877 1809 2),
900 1772 1024 1809 usque
1042 1760 1095 1799 ad
1114 1760 1231 1799 finem
1246 1761 1343 1800 belli
1361 1761 1403 1800 in
1419 1761 1560 1800 Sicilia

208 1827 487 1863 remanserunt.

311 1891 396 1930 Iam
419 1893 638 1942 perspectis
664 1894 914 1944 exercitibus,
943 1895 1010 1943 qui
1036 1907 1108 1945 per
1133 1895 1232 1934 illud
1258 1896 1404 1934 bellum
1432 1896 1474 1934 in
1497 1896 1557 1935 Si-

208 1956 303 1994 cilia
320 1956 489 2007 fuerunt,
515 1957 567 1996 ad
583 1970 650 1997 eos
668 1959 783 1998 nobis
801 1959 1083 1999 transeundum
1100 1964 1171 2010 est,
1191 1960 1259 2010 qui
1280 1964 1369 2011 post
1385 1973 1559 2012 pugnam

209 2021 455 2063 Cannensem
495 2024 537 2064 in
574 2025 693 2065 Italia
732 2038 814 2066 rem
853 2032 1068 2078 gesserunt.
1130 2026 1302 2075 Quorum
1343 2040 1411 2068 eos
1447 2029 1558 2079 prius

207 2101 489 2139 cognoscamus
521 2095 684 2142 oportet,
714 2093 782 2143 qui
811 2093 892 2132 iam
910 2098 1001 2133 ante
1018 2106 1191 2145 pugnam
1207 2094 1418 2145 conscripti
1435 2098 1558 2133 erant.

207 2156 306 2196 Sunt
331 2160 463 2197 autem
490 2156 579 2208 duo,
603 2159 714 2209 alter,
741 2172 858 2209 quem
885 2161 1094 2201 Terentius
1119 2162 1254 2212 Varro,
1293 2162 1402 2211 alter,
1441 2174 1557 2211 quem

206 2222 387 2263 Valerius
416 2224 614 2264 Laevinus
637 2237 741 2266 anno
770 2229 843 2266 539
872 2227 1051 2267 obtinuit.
1105 2229 1154 2267 Et
1183 2228 1369 2268 Varronis
1397 2226 1557 2278 quidem

205 2290 403 2330 exercitus
430 2302 480 2330 ex
507 2290 650 2340 quibus
678 2292 803 2343 copiis
830 2294 1068 2345 compositus
1086 2294 1216 2344 fuerit,
1240 2306 1289 2333 ex
1307 2293 1422 2333 Livio
1439 2293 1557 2344 plane

204 2367 282 2394 non
315 2355 598 2407 perspicimus3
638 2357 738 2396 nihil
777 2358 882 2398 enim
920 2358 1018 2398 dicit
1059 2358 1137 2409 (23,
1172 2361 1231 2409 25,
1263 2359 1325 2408 11)
1353 2359 1431 2398 nisi
1462 2359 1554 2399 hoc:

205 2421 278 2471 „de
305 2435 352 2462 eo
380 2423 568 2473 exercitu,
598 2436 714 2474 quem
740 2425 794 2464 ad
817 2426 1060 2476 praesidium
1095 2426 1264 2476 Apuliae
1297 2426 1507 2466 haberet..
1525 2427 1555 2465 .“

205 2486 334 2534 Quum
363 2492 494 2528 autem
521 2501 571 2528 ex
598 2502 645 2529 eo
679 2491 766 2531 loco
801 2495 945 2542 pateat,
981 2492 1204 2543 Varronem,
1242 2496 1450 2543 postquam
1488 2506 1558 2545 per

204 2553 366 2605 aliquod
393 2559 546 2608 tempus
573 2557 720 2598 Romae
750 2558 940 2599 remansit
966 2559 1067 2605 (Liv.
1097 2561 1157 2609 22,
1186 2561 1246 2609 61,
1272 2562 1326 2599 13.
1346 2561 1406 2611 23,
1430 2561 1487 2611 14,
1513 2563 1552 2608 2)
