1824 3009
883 201 929 238 15

230 314 409 367 proxime
436 311 489 352 ad
514 323 651 352 verum
668 310 856 351 accedere
873 310 1040 362 videtur,
1060 310 1199 351 deesse
1219 309 1288 351 illo
1307 310 1394 350 loco
1413 310 1461 360 (c.
1481 311 1517 362 7,
1538 310 1577 359 2)

230 386 321 433 post
346 380 486 421 verba:
514 378 763 429 „quindecim
788 378 901 417 milia
921 379 964 417 in
982 378 1068 417 acie
1088 377 1228 418 caesa“
1246 378 1361 417 haec:
1389 377 1579 428 „totidem

232 459 307 499 cap
350 445 384 497 “,
410 446 468 485 ita
494 448 537 484 ut
562 444 767 484 universus
792 456 976 484 numerus
1003 456 1149 495 eorum,
1177 443 1245 494 qui
1271 442 1324 483 ad
1341 443 1577 484 Trasumen-

232 526 326 554 num
343 513 473 553 lacum
491 511 763 563 pugnaverint,
782 509 1046 561 quadraginta
1061 511 1214 550 milium
1231 509 1436 551 efficiatur.
1462 509 1578 558 Quod

232 582 364 619 autem
391 577 529 618 Livius
556 576 694 617 decem
718 576 831 616 milia
852 576 1058 616 'hominum
1075 588 1135 617 'ex
1163 575 1275 616 clade
1303 576 1490 628 effugisse
1517 577 1576 617 di-

232 646 298 697 cit,
324 645 485 685 minime
511 644 627 684 nobis
653 643 696 683 in
722 643 853 683 animo
890 648 950 683 est
987 643 1233 694 contendere,
1269 656 1310 683 re
1346 656 1441 684 vera
1474 644 1577 684 hunc

231 724 366 752 eorum
392 706 517 751 fuisse
544 722 758 761 numerum,
784 710 857 750 sed
882 710 926 749 id
966 710 1092 749 solum
1129 722 1200 761 pro
1236 714 1342 749 certo
1376 710 1577 762 habemus,

230 778 368 819 decem
393 778 506 817 milia
531 777 655 817 fuisse
682 789 828 828 eorum,
855 777 924 827 qui
950 789 1023 816 nec
1049 777 1091 815 in
1118 777 1207 828 ipsa
1230 788 1364 827 pugna
1380 777 1577 818 interfecti

230 857 304 885 nec
331 844 438 896 capti
464 844 555 884 sint.
595 843 702 891 Quid
729 855 823 883 vero
850 844 902 883 iis
926 843 1074 883 factum
1100 843 1163 894 sit,
1181 842 1234 883 ad
1252 847 1400 884 certum
1418 844 1578 895 quidem

230 912 410 963 redigere
437 925 515 952 non
542 923 768 963 possumus;
797 911 993 962 suspicari
1021 915 1127 951 certe
1154 911 1258 950 licet.
1284 911 1388 951 Nam
1406 917 1577 962 praeter-

230 991 349 1030 quam
375 978 481 1029 quod
512 991 562 1018 ne
597 979 756 1029 Polybii
793 978 953 1028 quidem
987 977 1159 1017 narratio
1193 977 1335 1028 obstat,
1371 979 1578 1028 quominus

230 1046 404 1097 aliquem
442 1057 658 1097 numerum,
698 1046 864 1086 extremi
905 1045 1137 1097 praesertim
1180 1044 1363 1096 agminis,
1402 1045 1580 1097 elapsum

230 1124 318 1152 esse
344 1117 537 1163 putemus,
571 1112 614 1151 id
649 1125 727 1152 non
761 1112 919 1152 videtur
952 1112 1204 1162 neglegentia
1238 1111 1579 1162 praetereundum,

230 1178 347 1230 quod,
374 1182 417 1218 ut
443 1178 581 1219 Livius
610 1177 837 1230 quindecim
863 1178 975 1218 milia
1001 1177 1044 1217 in
1071 1177 1184 1217 acie
1213 1189 1335 1217 caesa
1356 1189 1443 1217 esse
1470 1176 1579 1229 dicit,

228 1245 287 1284 ita
313 1249 353 1284 et
379 1246 569 1297 Polybius
596 1247 697 1286 alios
725 1246 809 1286 vult
835 1258 922 1286 esse
951 1258 1031 1296 eos,
1057 1246 1125 1295 qui
1151 1257 1223 1296 per
1241 1246 1386 1284 vallem
1402 1257 1578 1296 pugnan-

228 1316 289 1352 tes
316 1312 544 1364 occiderint,
572 1313 683 1365 alios,
712 1313 780 1364 qui
807 1325 878 1365 per
903 1313 1034 1353 lacum
1051 1312 1167 1353 foede
1184 1312 1384 1364 perierint.
1420 1312 1472 1352 Et
1488 1312 1578 1352 illos

230 1378 390 1428 quidem
416 1378 516 1419 dicit
543 1378 769 1430 quindecim
795 1379 918 1419 ferme
935 1379 1048 1419 milia
1065 1379 1200 1430 fuisse,
1219 1378 1357 1419 horum
1374 1391 1578 1419 numerum

229 1457 308 1485 non
334 1444 462 1485 edidit
493 1468 535 1474 —
567 1445 639 1486 sed
665 1445 855 1486 haudscio
882 1458 934 1485 an
960 1459 1039 1486 non
1065 1458 1226 1497 prorsus
1253 1447 1371 1486 inane
1389 1446 1453 1497 sit,
1471 1445 1576 1496 quod

227 1511 349 1551 tradit
374 1512 580 1563 Appianus
608 1534 655 1540 —
685 1513 753 1563 qui
779 1525 858 1553 non
885 1512 1078 1552 disiunxit
1104 1512 1182 1552 duo
1208 1513 1279 1552 illa
1304 1524 1451 1564 genera
1475 1524 1575 1552 mor-

228 1582 385 1619 tuorum
412 1601 473 1631 —‚
500 1579 643 1630 viginti
669 1580 781 1619 milia
804 1579 963 1620 omnino
1003 1593 1092 1620 cum
1132 1580 1329 1620 Flaminio
1369 1579 1577 1619 interfecta

230 1656 328 1685 esse.
380 1646 442 1685 Ex
469 1646 649 1686 omnibus
675 1646 809 1697 igitur,
837 1659 938 1697 quae
964 1646 1284 1698 disceptavimus,
1312 1650 1496 1697 quattuor
1520 1646 1573 1685 le-

230 1711 369 1761 giones
397 1711 593 1752 Flaminio
619 1712 852 1753 tribuendae
879 1712 1073 1764 videntur,
1101 1725 1265 1764 quarum
1291 1712 1394 1753 duae
1421 1712 1579 1753 fuerunt

229 1789 311 1828 eae,
339 1789 441 1827 quae
468 1777 694 1819 Placentiae
722 1779 1037 1830 hibemaverant,
1065 1768 1165 1819 duas
1188 1791 1275 1819 cum
1294 1778 1577 1830 supplementis

228 1844 353 1884 Roma
379 1856 513 1884 secum
539 1844 706 1885 abduxit
732 1845 963 1885 Flaminius.

331 1910 542 1951 Servilium
569 1912 781 1962 consulem,
808 1911 1137 1962 quemadmodum
1165 1912 1245 1951 iam
1271 1923 1392 1963 supra
1410 1923 1576 1952 comme-

227 1978 479 2028 moravimus,
505 1978 710 2029 Appianus
737 1978 787 2026 (c.
816 1978 868 2027 8.)
903 1978 1069 2018 duarum
1103 1979 1303 2028 legionum
1342 1977 1576 2018 Cremonen-

227 2044 330 2084 sium
357 2044 546 2094 reliquias
573 2044 774 2095 accepisse
801 2044 1011 2096 significat,
1039 2057 1137 2095 quas
1156 2049 1195 2084 et
1212 2045 1321 2096 ipsas
1339 2056 1577 2096 magnopere

227 2115 363 2150 auctas
391 2122 477 2150 esse
505 2114 656 2150 constat
682 2110 754 2159 (eff
777 2111 860 2150 Pol.
887 2110 958 2161 III,
987 2114 1047 2162 75,
1075 2112 1128 2160 6).
1181 2110 1298 2158 Quod
1330 2115 1461 2150 autem
1496 2111 1575 2162 Ap-

226 2176 370 2228 pianus
399 2176 450 2228 (c.
480 2176 544 2226 10)
573 2175 837 2229 quadraginta
862 2177 975 2218 milia
1001 2200 1049 2205 —
1077 2177 1103 2218 i.
1130 2190 1163 2219 e.
1190 2181 1373 2229 quattuor
1398 2177 1576 2229 legiones

230 2266 276 2271 —
306 2244 430 2284 fuisse
457 2244 628 2304 Servilio
655 2244 764 2295 dicit,
792 2244 953 2284 minime
979 2244 1058 2285 fide
1085 2244 1249 2296 dignum
1274 2244 1431 2284 videtur
1448 2256 1576 2295 neque

227 2310 308 2352 ullo
334 2311 414 2351 alio
441 2311 539 2362 loco,
567 2324 616 2352 ne
635 2311 762 2364 ipsius
781 2312 941 2364 quidem
958 2313 1144 2365 Appiani,
1163 2312 1423 2354 confirmatur.
1450 2312 1575 2353 Immo

227 2389 277 2416 ex
304 2377 389 2418 Liv.
418 2379 479 2429 22,
507 2380 568 2429 27,
599 2381 646 2418 10
669 2391 747 2419 non
773 2379 943 2432 amplius
971 2379 1069 2420 duas
1096 2380 1273 2432 legiones
1295 2379 1420 2421 fuisse
1439 2379 1575 2430 colligi

226 2447 366 2495 potest,
401 2456 521 2495 quum
548 2445 665 2486 Fabii
690 2445 895 2488 dictatoris
932 2446 1127 2488 exercitus
1163 2445 1317 2488 adiecto
1353 2446 1576 2488 Serviliano

227 2514 412 2558 quattuor
437 2512 637 2563 legionum
663 2512 793 2553 fuerit.

332 2576 518 2629 Sequitur
542 2578 643 2621 illud
669 2584 833 2632 tempus,
861 2593 938 2632 quo
965 2580 1011 2629 Q.
1030 2580 1178 2622 Fabius
1192 2580 1387 2622 Maximus
1405 2579 1574 2622 dictator
