1824 3009
908 240 958 279 30

253 348 385 396 Quare
426 360 498 388 nos
538 348 699 399 quidem
739 352 808 388 aut
848 353 1020 389 erratum
1056 348 1161 389 Livii
1195 350 1327 391 inesse
1354 351 1396 391 in
1423 352 1493 392 illo
1520 352 1607 393 loco

251 416 300 465 (c.
329 418 390 466 32,
422 417 459 465 l)
487 421 556 456 aut
582 416 791 455 lectionem
832 415 1061 455 mendosam
1096 428 1183 456 esse
1222 429 1437 458 censemus.
1491 417 1609 459 Omni

251 486 384 522 autem
411 481 660 522 dubitatione
687 482 912 533 liberamur,
939 482 974 522 si
1001 482 1131 523 socios
1158 483 1248 524 illos
1276 497 1353 525 non
1389 485 1459 525 uni
1499 485 1607 527 Sem-

251 549 390 600 pronio
416 548 609 601 decretos,
637 549 708 589 sed
735 549 887 589 divisos
915 554 954 589 et
982 550 1090 601 ipsos
1117 550 1221 590 inter
1243 556 1450 602 utrumque
1469 565 1607 593 oonsu-

250 616 327 654 lem
354 627 442 655 esse
469 616 690 666 statuimus,
718 616 776 654 ita
803 620 845 655 ut
873 615 1000 655 Fabio
1025 620 1184 667 praeter
1221 617 1399 669 legiones
1434 619 1608 659 urbanas

249 686 288 721 et
315 682 496 722 cohortes
523 694 573 721 ex
601 694 697 732 agro
719 681 867 722 Piceno
882 682 1116 733 Gallicoque
1144 683 1343 724 confectas
1371 696 1464 736 pars
1492 684 1607 725 dimi-

250 748 320 788 dia
344 749 554 798 sociorum,
581 760 674 798 pars
693 748 819 787 altera
837 760 926 787 eum
945 749 1153 788 volonibus
1173 754 1212 788 et
1229 749 1361 789 noxiis
1375 750 1608 802 Sempronio

249 814 436 854 evenerit.
489 814 600 862 Quae
628 814 825 854 sententia
851 814 969 865 plane
997 815 1181 855 convenit
1208 828 1297 855 cum
1324 828 1431 856 more
1459 816 1607 856 usitato

249 881 525 932 Romanorum,
553 893 630 931 quo
658 893 731 933 par
756 880 879 921 ferme
919 893 1104 922 numerus
1147 882 1293 922 civium
1332 887 1372 923 et
1411 883 1606 923 sociorum

251 970 297 976 -
327 947 507 999 peditum
534 951 639 988 certe
669 969 716 974 —
744 948 785 987 in
814 948 1054 988 exercitibus
1084 952 1178 988 erat.

356 1015 505 1055 Fabius
531 1017 741 1065 postquam
768 1026 839 1066 per
866 1027 1011 1054 annum
1041 1017 1113 1053 539
1143 1016 1184 1054 in
1212 1015 1432 1066 Campania
1457 1016 1604 1056 bellum

250 1082 387 1132 gessit,
428 1081 480 1120 ad
523 1080 752 1120 Suessulam
793 1081 834 1119 in
874 1081 1042 1120 hiberna
1074 1081 1292 1122 exercitum
1327 1081 1492 1122 deduxit
1527 1082 1606 1133 (23,

249 1152 313 1199 48,
342 1149 394 1198 2).
447 1149 677 1198 Insequenti
704 1148 850 1188 deinde
878 1160 982 1187 anno
1008 1149 1081 1188 sub
1109 1149 1248 1188 eodem
1276 1149 1402 1189 Fabio
1428 1150 1470 1189 in
1493 1149 1605 1189 Cam-

249 1216 371 1266 pania
397 1216 577 1266 primum,
605 1215 751 1255 deinde
779 1216 820 1253 in
848 1214 1010 1254 Samnio
1037 1226 1108 1254 eae
1136 1215 1315 1266 legiones
1342 1215 1500 1255 fuerunt
1525 1214 1605 1266 (24,

249 1294 281 1320 c.
316 1284 372 1320 12.
400 1294 432 1321 c.
466 1285 511 1320 14
536 1282 622 1322 init.
650 1295 682 1321 c.
716 1285 770 1320 19.
800 1284 879 1331 20).
932 1282 1046 1322 Anno
1074 1285 1144 1320 541
1185 1295 1211 1322 a
1244 1287 1356 1334 patre
1392 1282 1444 1322 ad
1481 1282 1605 1322 filium

247 1349 456 1399 imperium
497 1349 666 1399 transiit,
706 1348 775 1398 qui
815 1348 857 1387 in
894 1348 1042 1398 Apulia
1081 1360 1162 1388 rem
1196 1349 1321 1399 gessit
1361 1349 1410 1397 (c.
1438 1351 1499 1387 46.
1526 1348 1604 1398 47).

247 1415 404 1454 Deinde
431 1420 564 1454 autem
590 1415 665 1454 hoc
692 1415 819 1454 solum
837 1414 936 1453 dicit
956 1414 1093 1454 Livius
1111 1415 1189 1466 (25,
1209 1416 1245 1466 3,
1265 1416 1322 1465 3):
1349 1416 1450 1455 alter
1467 1415 1605 1455 consul

247 1493 273 1519 a
299 1481 345 1528 Q.
373 1481 509 1532 Fabio,
537 1481 638 1520 alter
664 1492 689 1519 a
716 1479 857 1519 Fulvio
886 1479 1118 1520 Centumalo
1145 1480 1361 1520 exercitum
1395 1479 1604 1532 acciperet.

247 1547 404 1587 Deinde
430 1552 640 1599 postquam
667 1558 792 1596 usque
820 1546 873 1585 ad
914 1551 1005 1586 ante
1046 1546 1151 1586 diem
1189 1547 1232 1586 V.
1271 1547 1437 1587 Kalend.
1477 1547 1605 1586 Maias

248 1614 395 1653 Romae
424 1617 698 1652 remanserunt
725 1613 774 1661 (c.
807 1615 851 1649 12
881 1612 998 1662 initq),
1025 1613 1144 1663 paulo
1171 1617 1260 1663 post
1286 1613 1366 1652 iam
1392 1617 1601 1663 utrumque

247 1680 449 1720 consulem
476 1680 518 1718 in
547 1679 709 1719 Samnio
737 1678 959 1718 invenimus
997 1680 1046 1728 (c.
1088 1682 1132 1717 13
1170 1680 1283 1730 init).
1341 1680 1435 1720 Uter
1472 1684 1604 1719 autem

247 1747 325 1785 utri
365 1746 564 1785 exercitus
604 1745 793 1796 evenerit,
834 1757 883 1784 ex
924 1745 987 1795 iis,
1023 1757 1125 1795 quae
1152 1745 1331 1785 eiusdem
1358 1746 1501 1796 capitis
1529 1746 1552 1795 θ
1580 1748 1603 1783 9

246 1813 431 1863 continet,
457 1823 650 1863 apparere
677 1811 852 1851 videtur:
893 1812 986 1862 „qui
1014 1824 1134 1861 quum
1169 1812 1272 1851 inter
1304 1824 1347 1852 se
1382 1824 1603 1863 comparas-

245 1884 345 1930 sent,
372 1883 416 1918 ut
442 1879 543 1918 alter
579 1878 620 1917 in
657 1877 916 1928 Campaniam
956 1878 1172 1917 exercitum
1212 1877 1385 1928 duceret,
1428 1878 1604 1929 Fulvius,

246 1947 335 1987 eui
361 1959 424 1987 ea
450 1945 758 1998 provincia
785 1957 956 1985 evene
974 1950 1083 1996 rat,
1111 1944 1312 1997 profectus
1333 1977 1341 1985 .
1362 1977 1370 1985 .
1391 1944 1423 1985 .“
1450 1945 1603 1994 Quibus

244 2014 377 2053 verbis
405 2012 625 2063 significari
641 2011 810 2062 videtur,
838 2011 1022 2051 Fulvium
1039 2012 1215 2062 legiones
1236 2011 1471 2062 Centumali,
1499 2024 1603 2062 quae

243 2080 447 2131 superiore
487 2091 589 2118 anno
629 2078 671 2117 in
714 2077 934 2129 Campania
974 2077 1141 2127 fuerant,
1182 2078 1397 2129 accepisse.
1463 2078 1603 2128 Itaque

245 2146 457 2196 Fabianus,
485 2157 586 2195 quae
613 2145 655 2184 in
681 2145 830 2195 Apulia
870 2148 993 2194 erant,
1036 2145 1167 2195 Appio
1209 2144 1378 2184 Claudio
1419 2145 1601 2183 evenisse

245 2224 407 2252 necesse
442 2216 513 2251 est.
567 2212 649 2250 Eae
688 2212 811 2262 igitur
852 2211 1028 2262 legiones
1068 2211 1246 2263 Capuam
1285 2211 1433 2262 urbem,
1474 2210 1600 2251 donec

245 2284 363 2331 capta
389 2284 461 2330 est,
488 2278 728 2319 obsederunt
762 2278 839 2328 (25,
883 2281 938 2328 15,
972 2280 1029 2317 18.
1057 2290 1089 2318 c.
1121 2280 1179 2317 18.
1213 2281 1269 2316 19.
1299 2280 1360 2316 20.
1389 2280 1449 2328 22,
1478 2281 1512 2316 5.
1541 2280 1602 2328 26,

247 2350 280 2397 1,
308 2346 361 2395 2).
414 2345 589 2393 Quarum
616 2344 697 2384 dux
733 2344 887 2395 Appius
927 2344 1087 2384 vulnere
1127 2343 1179 2383 ad
1221 2343 1398 2395 Capuam
1438 2348 1603 2396 accepto

244 2414 322 2464 (26,
349 2416 385 2464 8,
412 2412 454 2462 9)
481 2417 571 2463 post
597 2416 754 2463 captam
783 2411 919 2450 urbem
946 2416 1121 2451 mortuus
1148 2416 1208 2451 est
1234 2412 1284 2460 (c.
1321 2414 1381 2463 33,
1418 2413 1470 2461 4).
1527 2412 1599 2451 Le-

244 2485 358 2530 gatos
394 2479 481 2519 eius
507 2479 626 2530 paulo
653 2483 743 2530 post
770 2479 918 2518 Romae
946 2478 1069 2518 fuisse
1097 2479 1371 2529 cognoscimus
1399 2478 1469 2528 (ib.
1498 2478 1521 2527 ἕ
1549 2479 1609 2527 5).v

244 2547 304 2586 De
332 2546 557 2596 legionibus
583 2558 677 2586 vero
705 2545 801 2596 quid
829 2546 1029 2585 decretum
1054 2545 1118 2596 sit,
1145 2557 1283 2596 parum
1303 2549 1467 2584 constat.
1495 2544 1598 2592 Qua-

244 2624 330 2652 rum
357 2624 479 2662 quum
505 2624 577 2650 nee
604 2612 645 2651 in
664 2611 950 2663 perlustrandis
970 2611 1210 2651 exercitibus
1231 2611 1323 2650 anni
1345 2614 1420 2649 541
1438 2611 1516 2662 (26,
1532 2612 1600 2661 28)
