1824 3009
925 255 970 291 14

268 367 425 416 praeter
450 364 726 415 supplementa
752 363 824 403 illa
850 368 890 404 et
907 376 976 404 eas
994 364 1183 416 legiones,
1204 376 1306 415 quae
1324 364 1367 404 in
1385 364 1623 418 Sardiniam,

267 431 458 483 Siciliam,
485 430 721 483 Hispaniam
748 431 895 472 missae
922 436 1013 472 sunt
1039 454 1091 460 —
1118 431 1169 472 de
1196 432 1340 483 quibus
1376 437 1515 484 postea
1549 433 1625 473 erit

267 498 477 549 agendum.
516 497 632 545 Quod
659 501 779 548 negat
805 498 1069 538 Mommsenus
1096 499 1121 537 1.
1150 499 1174 538 l.
1201 499 1386 539 Attamen
1404 499 1623 551 complures

269 576 413 604 causae
440 567 542 614 sunt,
570 575 640 603 cur
667 564 718 603 ab
744 576 791 604 eo
811 563 1103 605 dissentiamus.
1143 564 1247 605 Nam
1264 564 1434 617 primum
1452 564 1624 617 quidem,

269 631 376 681 quod
402 630 541 670 Livius
568 629 617 678 (c.
646 632 707 680 63,
740 631 803 679 15)
830 630 930 670 duas
969 631 1146 682 legiones
1183 644 1207 670 a
1242 630 1484 683 Sempronio,
1523 630 1623 671 duas

266 698 319 739 ab
342 697 465 738 Atilio
492 696 733 737 Flaminium
759 697 963 749 accepisse
990 697 1100 749 dicit,
1127 710 1223 738 sane
1249 697 1328 737 fide
1355 698 1520 749 dignum
1545 710 1624 737 non

266 764 441 814 videtum
483 768 657 803 ceterum
695 764 758 803 his
798 764 943 815 verbis,
984 776 1222 814 quamquam
1260 776 1332 815 per
1371 775 1543 804 errorem
1576 775 1624 803 ea

267 831 377 872 dicta
403 843 491 872 esse
518 830 783 882 concedimus,
810 835 943 871 tamen
970 830 1206 871 adducimur
1231 836 1275 871 ut
1301 830 1519 882 credamus,
1555 830 1620 871 Li-

267 900 375 940 vium
415 897 522 950 apud
561 898 736 948 aliquem
777 902 977 937 auctorem
1018 902 1202 948 quattuor
1240 898 1439 949 legiones,
1479 897 1623 948 quibus

267 966 488 1007 Flaminius
515 964 743 1017 praefuerit,
770 964 989 1014 invenisse;
1018 964 1125 1016 quod
1152 964 1298 1005 deinde
1326 964 1426 1005 duas
1453 977 1545 1005 eum
1571 965 1622 1005 ab

266 1034 391 1074 Atilio
418 1033 621 1083 accepisse
649 1031 758 1082 dicit,
785 1031 829 1071 id
856 1044 987 1071 errore
1014 1044 1102 1072 esse
1129 1032 1289 1071 factum.
1334 1031 1528 1079 Quattuor
1554 1044 1621 1071 au-

267 1104 347 1139 tem
364 1098 543 1150 legiones
562 1096 761 1136 Flaminio
782 1095 907 1136 fuisse
934 1100 1146 1148 propterea
1162 1097 1284 1137 etiam
1302 1101 1498 1149 putamus,
1525 1097 1620 1148 quia

267 1166 475 1217 Appianus
510 1164 654 1213 (Hann.
682 1176 714 1203 c.
742 1162 796 1213 8),
834 1167 1043 1213 postquam
1083 1163 1196 1214 dixit,
1235 1163 1424 1203 tredecim
1464 1164 1621 1203 omnino

267 1232 392 1271 fuisse
431 1230 608 1280 legiones
649 1229 848 1268 Romanas
890 1251 936 1256 —
979 1229 1021 1268 in
1061 1241 1138 1279 quo
1173 1229 1341 1280 optimos
1379 1230 1464 1270 sine
1501 1230 1622 1270 dubio

268 1302 449 1339 auctores
467 1299 626 1337 secutus
651 1299 712 1335 est
739 1317 788 1323 —
815 1295 889 1335 hoc
916 1294 1088 1336 addidit:
1116 1294 1166 1334 τὰ
1191 1294 1343 1335 πλέονα
1370 1296 1404 1335 δ’
1433 1288 1528 1348 ἦγον
1552 1296 1623 1336 ἐπὶ

265 1362 337 1404 τὸν
364 1358 559 1412 ’Λννίβαν
585 1357 624 1401 οἱ
747 1358 910 1401 ὕπατοι.
951 1362 1042 1402 Non
1069 1362 1174 1402 enim
1200 1358 1252 1402 vo?
1281 1361 1433 1402 πλέονα
1456 1386 1506 1391 -
1535 1363 1559 1403 i.
1589 1376 1621 1403 e.

266 1432 457 1472 maiorem
483 1433 636 1481 partem
663 1429 866 1480 copiarum
905 1441 1007 1468 novo
1047 1429 1194 1469 dilectu
1236 1430 1545 1482 conscriptarum
1574 1452 1619 1457 —

267 1499 401 1540 dicere
428 1500 593 1549 poterat,
620 1496 656 1536 si
683 1496 959 1548 supplementa
985 1500 1137 1537 tantum
1163 1497 1205 1537 in
1232 1501 1417 1548 quattuor
1443 1497 1620 1548 legiones

268 1569 401 1607 essent
428 1563 662 1614 conscripta.
715 1562 800 1603 Nec
827 1562 985 1603 omnino
1022 1575 1207 1604 numerus
1241 1563 1310 1603 ille
1343 1563 1533 1604 tredecim
1567 1563 1621 1603 le-

265 1634 428 1686 gionum
455 1629 561 1670 effici
597 1629 889 1681 computatione
925 1633 1064 1681 potest,
1103 1630 1182 1670 nisi
1222 1634 1407 1681 quattuor
1444 1630 1622 1682 legiones

266 1698 508 1740 Flaminium
533 1696 722 1737 habuisse
741 1696 962 1737 statuimus.
990 1697 1173 1747 Denique
1191 1697 1290 1738 haec
1312 1698 1509 1738 sententia
1530 1710 1619 1738 con-

266 1765 498 1814 firmabitur,
524 1763 572 1814 si,
600 1775 701 1814 quae
729 1763 779 1802 de
812 1775 974 1803 numero
1013 1762 1182 1803 militum
1222 1764 1273 1803 ab
1314 1764 1541 1805 auctoribus
1580 1764 1621 1804 in

266 1829 531 1873 describenda
568 1821 704 1879 p‘ugna
742 1826 795 1867 ad
835 1828 1149 1868 Trasumennum
1189 1829 1295 1869 facta
1333 1829 1481 1869 tradita
1519 1833 1622 1880 sunt,

266 1898 566 1950 respexerimus.
618 1895 722 1934 Nam
749 1899 792 1933 ut
817 1894 1044 1945 Appianum
1071 1895 1310 1947 omittamus,
1337 1896 1407 1946 qui
1433 1907 1535 1936 unus
1561 1895 1621 1935 di-

265 1969 424 2017 screpat
448 1963 500 2003 ab
529 1961 632 2013 aliis,
661 1965 701 2001 et
718 1961 910 2013 Polybius
938 1962 989 2011 (c.
1018 1963 1079 2014 84,
1108 1962 1161 2014 7),
1189 1966 1229 2004 et
1246 1962 1481 2011 Plutarchus
1509 1961 1621 2013 (Fab.

266 2035 371 2075 Max.
399 2046 431 2073 c.
459 2032 511 2082 3.)
538 2034 578 2069 et
604 2029 742 2069 Livius
769 2028 848 2080 (22,
884 2031 918 2079 7,
957 2030 996 2078 2)
1037 2029 1264 2080 quindecim
1300 2030 1414 2070 milia
1452 2030 1495 2069 in
1533 2029 1622 2069 acie

266 2109 386 2138 caesa
412 2107 499 2136 esse
535 2095 721 2146 referunt,
762 2099 899 2147 captos
939 2096 1131 2147 Polybius
1172 2100 1211 2136 et
1253 2095 1487 2137 Plutarchus
1526 2096 1621 2136 item

266 2164 495 2217 quindecim
520 2163 644 2214 milia,
670 2175 830 2213 sparsos
858 2162 1029 2213 denique
1057 2163 1154 2214 fuga
1180 2163 1318 2203 Livius
1346 2163 1484 2203 decem
1509 2162 1622 2201 milia

266 2231 391 2272 addit.
432 2229 549 2278 Quod
575 2228 682 2280 apud
709 2228 867 2269 Livium
884 2229 986 2269 nihil
1004 2229 1163 2270 omnino
1181 2229 1232 2270 de
1251 2229 1421 2282 captivis
1440 2228 1621 2280 legimus,

265 2297 481 2350 permirum
507 2294 676 2346 videtur,
703 2306 776 2335 nec
804 2298 908 2334 certe
945 2294 1106 2334 credere
1141 2307 1361 2346 possumus,
1396 2307 1464 2335 eos
1501 2296 1620 2346 plane

265 2364 318 2405 ab
345 2375 392 2404 eo
420 2374 508 2404 esse
533 2361 712 2404 omissos.
749 2360 884 2412 Immo,
904 2359 1011 2413 quod
1029 2360 1195 2403 Carolus
1213 2361 1376 2403 Peterus
1391 2362 1421 2413 ¹)
1441 2362 1621 2413 coniecit,

358 2526 390 2567 1)
413 2523 553 2567 „Livius
576 2522 648 2556 und
670 2522 854 2566 Polybius“
876 2533 908 2565 p.
934 2523 987 2556 33.
1035 2522 1144 2556 Causa
1177 2522 1291 2556 Peteri
1326 2523 1526 2566 gravissima
1558 2527 1610 2558 est

266 2582 359 2627 quod
380 2583 456 2617 aliis
478 2583 515 2616 in
537 2582 639 2616 rebus
661 2582 820 2615 omnibus
842 2581 1018 2615 Plutarchi
1041 2591 1118 2615 cum
1142 2581 1252 2621 Livio,
1275 2592 1376 2624 quem
1403 2583 1618 2624 potissimum

266 2645 440 2677 auctorem
464 2641 507 2675 ab
532 2651 571 2675 eo
594 2640 788 2675 adhibitum
811 2650 882 2675 esse
903 2639 1005 2675 docet
1020 2652 1050 2683 p.
1069 2640 1111 2674 59
1126 2651 1211 2683 sqq„
1228 2651 1359 2675 summa
1373 2642 1548 2676 consensio
1563 2642 1619 2676 sit.
