1824 3009
861 159 914 196 27

216 272 278 319 38,
303 269 358 319 9),
384 269 426 308 P.
454 268 648 318 Valerius,
675 268 809 307 Valeri
839 268 1034 318 praetoris
1061 268 1215 318 legatus
1243 267 1309 315 (cf.
1342 280 1374 306 c.
1402 268 1464 316 32,
1505 268 1561 304 17.

214 347 246 375 c.
272 335 332 384 38,
360 335 400 380 7)
427 333 468 373 in
496 345 617 373 naves
645 333 832 385 imposuit
866 332 916 372 de
953 333 1129 384 Philippi
1169 333 1347 373 consiliis
1381 332 1560 383 explora-

213 406 333 441 turus.
368 399 479 447 Quae
507 412 627 450 quum
654 399 847 440 eiusmodi
874 412 961 440 esse
987 403 1151 451 pateret,
1179 403 1221 439 ut
1243 399 1363 439 classi
1384 394 1563 439 Romana

213 468 255 507 in
281 466 363 506 illis
385 465 613 516 regionibus
642 478 740 517 opus
765 478 853 505 esse
880 466 1090 516 videretur,
1116 466 1167 505 M.
1195 465 1377 505 Valerius
1403 469 1562 516 praetor

212 533 358 575 tradito
397 533 524 585 ipsius
558 533 735 573 exercitu
777 533 820 572 L.
854 533 1034 584 Apustio,
1068 532 1257 572 Varronis
1291 533 1435 583 legato,
1467 545 1493 571 a
1517 532 1560 571 P.

214 600 370 641 Valerio
397 600 528 650 legato
543 599 707 638 Tarenti
733 599 900 638 classem
928 611 1015 638 cum
1040 599 1196 648 legione
1223 596 1466 654 accepits(cf.
1492 598 1560 647 23,

213 668 275 716 38,
308 668 365 705 10.
397 668 453 704 11.
481 665 551 715 24,
582 666 641 715 10,
667 667 701 703 4.
729 677 762 704 c.
794 667 853 714 11,
884 664 934 712 3).
977 664 1143 714 Deinde,
1171 656 1379 715 postiiuam
1400 677 1472 715 per
1488 665 1559 703 ali-

212 731 318 783 quod
352 735 505 782 tempus
530 730 740 779 Calabriae
767 730 950 770 litoribus
982 729 1182 781 praesidio
1209 729 1294 780 fuit,
1321 730 1401 779 (24,
1428 732 1489 779 40,
1517 731 1558 779 2)

211 811 314 838 anno
341 799 416 836 540
443 797 486 836 in
510 788 986 846 Graeciamf-'transmism
1029 796 1165 835 relicto
1206 795 1369 835 duorum
1408 796 1560 835 milium

211 864 422 917 praesidio,
448 862 778 914 quemadmodum
809 862 908 904 dicit
944 862 1082 903 Livius
1112 863 1172 913 24,
1199 863 1273 912 40„
1289 864 1324 912 5,
1361 875 1437 913 quo
1474 862 1561 903 loco

211 935 280 972 aut
304 931 493 971 omissum
512 942 600 970 esse
621 934 690 969 aut
709 929 908 969 excidisse
931 929 1089 968 videtur
1110 940 1251 968 nomen
1274 928 1396 979 urbis,
1422 928 1465 968 in
1482 941 1561 978 qua

212 997 391 1038 relictum
417 996 661 1048 praesidium
688 996 740 1037 sit
756 994 795 1045 ι).
850 996 926 1036 Per
960 995 1213 1046 insequentes
1251 994 1397 1036 deinde
1437 1007 1560 1035 annos

212 1064 393 1105 Valerius
429 1063 622 1103 exercitui
655 1062 828 1115 praefuit
863 1063 941 1113 (24,
970 1064 1032 1113 44,
1059 1064 1092 1101 5.
1119 1063 1179 1113 25,
1209 1064 1244 1112 3,
1270 1064 1304 1101 6.
1324 1063 1407 1112 536,
1423 1064 1455 1112 1,
1485 1062 1560 1111 12),

211 1130 336 1171 donec
362 1142 465 1171 anno
491 1132 565 1169 543
594 1129 796 1181 Sulpicius
822 1129 965 1169 consul·
985 1129 1023 1169 ei
1050 1128 1243 1169 successit
1269 1130 1347 1179 (26,
1374 1130 1422 1167 22
1447 1128 1560 1177 init).

211 1198 250 1237 Is
278 1200 410 1236 autem
433 1200 591 1247 postero
616 1208 731 1246 anno,
758 1208 877 1246 quum
905 1196 985 1235 iam
1021 1195 1214 1234 validiore
1247 1195 1423 1235 exercitu
1461 1207 1560 1245 opus

210 1274 297 1303 esse
323 1274 402 1304 non
427 1262 638 1314 videretur,
666 1262 842 1303 dimissis
867 1262 1117 1303 terrestribus
1154 1262 1279 1314 copiis
1314 1262 1444 1304 socios
1475 1266 1558 1302 tan-

209 1334 291 1370 tum
321 1330 482 1384 navales
512 1330 680 1370 retinere
706 1330 836 1370 iussus
861 1334 921 1369 est
942 1330 1021 1380 (26,
1051 1332 1112 1380 28,
1140 1330 1193 1378 9).
1239 1329 1391 1376 Quodsi
1417 1329 1558 1369 nihilo·

210 1394 338 1434 minus
378 1396 439 1445 27,
479 1396 514 1445 7,
559 1397 604 1433 15
645 1394 782 1435 Livius
821 1395 936 1435 dicit:
983 1395 1185 1449 „Sulpicio
1224 1395 1364 1435 eadem
1403 1395 1559 1446 legione

209 1459 426 1511 eademque
466 1461 584 1501 classi
624 1461 896 1501 Macedoniam
936 1461 1114 1501 obtinere
1156 1460 1287 1502 iusso“
1315 1483 1375 1513 :-‚
1411 1462 1560 1502 oblivio

209 1539 298 1568 eum
324 1527 482 1568 videtur
515 1528 670 1579 cepisse
704 1529 813 1569 illius
851 1533 1013 1569 senatus
1054 1529 1234 1579 consulti,
1274 1521 1347 1569 nec
1385 1541 1478 1569 vero
1517 1529 1559 1569 in

208 1594 494 1644 perlustrandis
520 1595 759 1635 exercitibus
777 1595 1024 1646 insequentis
1042 1596 1136 1635 anni
1154 1597 1231 1646 (27,
1251 1597 1312 1646 22,
1333 1596 1396 1642 10)
1413 1597 1559 1636 mentio

208 1659 291 1701 ulla
316 1660 426 1699 illius
453 1660 621 1710 legionis
649 1660 757 1700 facta
783 1665 854 1701 est.

310 1724 495 1774 Ceterum
521 1726 628 1778 quod
654 1729 734 1778 (27,
763 1729 823 1779 32,
855 1727 895 1777 2)
923 1733 1108 1779 quattuor
1134 1729 1247 1769 milia
1263 1733 1501 1770 armatorum
1518 1729 1559 1769 in

205 1797 351 1833 terram
377 1793 559 1843 exposita
584 1805 672 1832 esse
701 1786 838 1833 Livius
865 1798 1067 1844 memorat,
1094 1799 1250 1845 praeter
1275 1796 1433 1845 milites,
1461 1807 1558 1845 quos

205 1871 276 1911 pro
303 1858 521 1899 classiariis
549 1858 750 1912 Sulpicius
778 1859 990 1901 retinuisse
1008 1860 1184 1913 videtur,
1212 1874 1262 1902 ex
1280 1861 1401 1903 sociis
1419 1862 1558 1902 Roma·

206 1938 344 1966 norum
382 1926 555 1977 maxima
594 1938 643 1966 ex
682 1930 793 1977 parte
829 1927 941 1967 illum
978 1940 1181 1969 numerum
1217 1929 1438 1970 confectum
1471 1942 1558 1970 esse

206 2004 410 2034 censemus
426 1993 468 2041 ²).

206 2115 343 2158 milites,
372 2116 431 2158 qui
460 2116 599 2150 Tarenti
628 2120 737 2160 erant,
767 2119 916 2160 primum
939 2136 980 2142 -
1004 2119 1119 2161 aliqua
1147 2121 1240 2152 certe
1271 2128 1311 2151 ex
1335 2121 1434 2161 parte
1456 2137 1497 2143 —
1520 2119 1556 2151 in

205 2185 306 2208 naves
328 2175 527 2218 imposuisse
550 2176 585 2209 P.
609 2176 766 2210 Valerius
787 2177 921 2220 legatus
943 2177 1089 2219 videtur,
1113 2178 1149 2211 in
1165 2188 1310 2221 quorum
1326 2178 1434 2211 locum
1450 2177 1554 2210 haud-

204 2234 273 2267 scio
295 2244 338 2266 an
361 2231 567 2268 varroniani
590 2235 715 2269 milites
737 2236 959 2270 successerint
982 2235 1179 2269 Tarentum.

262 2321 264 2324 .
295 2293 325 2333 1)
348 2292 534 2335 Legionem
563 2294 734 2327 classicam
763 2305 784 2327 a
812 2294 949 2327 Valerio
981 2297 1081 2337 parte
1114 2296 1184 2327 eius
1218 2297 1386 2328 exercitus
1420 2299 1554 2328 auctam

205 2357 286 2392 esse,
309 2361 408 2394 quem
433 2351 580 2394 Apustio
603 2352 759 2395 tradidit,
781 2353 1066 2387 verisimillimum
1088 2356 1150 2386 est.
1196 2353 1227 2386 Is
1255 2353 1345 2386 enim
1373 2354 1554 2395 exercitus,

205 2410 265 2451 qui
287 2409 430 2444 duarum
455 2411 627 2453 legionum
650 2411 773 2453 fuerat,
795 2412 896 2453 paulo
922 2415 999 2454 post
1021 2412 1056 2445 in
1079 2422 1180 2445 unam
1202 2414 1254 2444 est
1274 2412 1474 2445 imminutus
1497 2412 1555 2453 (cf.

203 2467 295 2502 infre
317 2479 350 2511 p.
371 2469 441 2511 28).

290 2528 325 2570 2)
348 2527 476 2563 Iterum
501 2528 676 2564 Graeciam
699 2540 776 2565 cum
800 2540 869 2564 una
890 2529 1023 2573 legione
1038 2527 1252 2574 occupavisse
1267 2529 1303 2564 P.
1316 2530 1556 2586 Sempronigm

1497 2591 1520 2613 ιε
1544 2589 1551 2605 -'
