1824 3009
882 176 928 214 41

234 286 471 339 explendum
503 287 668 327 duarum
685 287 883 338 legionum
902 298 1105 326 numerum
1121 287 1395 338 supplementa
1412 286 1581 336 adiecta,

235 367 337 406 quae
379 353 550 405 quidem,
589 366 708 404 quum
746 354 872 393 maior
904 366 1021 403 quam
1052 353 1318 405 superioribus
1358 354 1473 393 annis
1511 353 1581 392 illo

232 432 336 460 anno
363 419 532 459 dilectus
559 418 764 458 habendus
793 421 908 467 esset,
934 418 1099 468 proinde
1118 430 1166 457 ac
1182 421 1272 468 post
1285 430 1458 468 pugnam
1478 416 1579 456 Can-

233 498 395 528 nensem
421 498 471 526 ex
488 484 721 526 voluntariis
739 484 932 525 militibus
952 484 1197 525 conficienda
1213 488 1335 524 erant.
1379 484 1447 525 Sic
1473 483 1580 524 enim

231 553 498 604 intellegimus
527 553 650 592 verba
675 552 781 592 Livii
807 552 884 602 (27,
913 554 973 601 38,
1005 552 1086 600 10):
1129 552 1312 602 „volones
1344 552 1385 590 in
1417 551 1578 590 undevi-

232 620 447 662 censimam
474 624 513 660 et
535 619 792 660 vicensimam
818 618 996 670 legiones
1023 617 1195 670 scripti“,
1230 623 1273 658 ut
1305 617 1578 658 undevicensi-

233 700 338 727 mam
381 691 421 726 et
457 686 715 726 vicensimam
755 685 932 737 legiones
972 698 1040 726 eas
1076 686 1200 725 fuisse
1239 698 1485 735 censeamus,
1529 697 1578 724 ex

231 754 375 805 quibus
401 758 553 804 partem
580 752 755 803 aliquam
774 752 911 792 Livius
935 752 1014 792 sibi
1030 757 1262 804 sumpserat,
1286 752 1344 792 ita
1360 756 1403 791 ut
1418 752 1579 791 volones

230 820 299 872 qui
317 820 536 871 ,conscripti
562 822 685 870 erant,
713 819 871 859 illarum
896 819 1098 870 legionum
1114 831 1276 859 numero
1294 819 1578 868 insererentur;

229 900 302 928 nec
329 886 650 927 Weissenbornio
684 886 869 927 assentiri
906 898 1125 938 possumus,
1165 887 1233 938 qui
1272 886 1450 938 legiones
1489 887 1580 927 illas

231 954 390 995 omnino
416 954 530 994 Livio
557 954 738 993 evenisse
763 954 834 1003 (ad
861 954 947 993 Liv.
974 955 1035 1004 28,
1067 955 1124 1004 10,
1147 951 1212 1002 11)
1232 957 1365 1001 censet
1381 954 1579 1004 verbaque

210 1052 219 1061 .
231 1021 317 1066 illa,
329 1020 435 1059 Livii
459 1022 508 1066 (c.
535 1021 595 1069 38,
627 1020 701 1069 10),
723 1019 766 1058 in
783 1032 873 1059 eum
891 1031 1050 1059 sensum
1067 1019 1225 1070 accipit,
1242 1023 1286 1058 ut
1303 1031 1353 1058 ex
1370 1019 1578 1059 volonibus

231 1085 593 1128 undevicensimam
621 1090 661 1126 et
685 1085 943 1126 vicensimam
960 1085 1157 1137 legionem
1181 1085 1353 1125 factas
1378 1097 1465 1125 esse
1493 1097 1577 1125 eas-

232 1165 309 1202 que
334 1153 376 1191 in
402 1153 531 1192 locum
558 1153 716 1191 illarum
747 1173 790 1179 —-
820 1151 1075 1191 Livianarum
1112 1151 1328 1191 secundum
1361 1151 1581 1191 Weissenb.

230 1240 279 1246 —
309 1218 547 1259 successisse
574 1217 783 1258 existimet.
836 1216 1019 1258 Ceterum
1053 1221 1159 1258 recte
1194 1217 1346 1258 monuit
1382 1217 1579 1258 Weissen-

229 1286 402 1336 bomius,
427 1286 550 1325 verba
574 1285 701 1325 Livii:
728 1286 938 1336 „intulerat
961 1285 1199 1325 mentionem
1227 1285 1277 1324 de
1300 1285 1509 1325 volonibus
1527 1285 1580 1325 ad

229 1352 346 1403 signa
371 1350 640 1402 revocandis“‚
668 1363 847 1402 quaeque
874 1356 1099 1402 sequuntur,
1129 1364 1207 1391 non
1234 1352 1332 1392 satis
1366 1351 1580 1402 diligenter

228 1418 337 1459 dicta
361 1431 488 1469 neque
516 1417 569 1458 ad
594 1419 758 1459 verbum
786 1416 1054 1469 intellegenda
1080 1430 1178 1458 esse.
1230 1418 1388 1458 Etenim
1426 1417 1576 1470 disper—

229 1498 296 1525 sos
313 1498 361 1525 ac
382 1484 559 1536 dilapsos
577 1484 828 1524 Gracchanos
855 1485 1017 1524 volones
1043 1488 1126 1524 tum
1153 1484 1320 1535 demum,
1347 1489 1436 1536 post
1464 1484 1576 1534 quin-

230 1565 307 1603 que
334 1563 469 1602 annos,
496 1563 630 1591 rursus
657 1555 813 1592 coactos
840 1563 928 1591 esse
946 1551 1106 1591 minime
1123 1550 1372 1602 probandum
1388 1556 1457 1591 aut
1473 1555 1577 1592 certe

228 1619 350 1659 alium
376 1630 562 1668 magnum
589 1630 793 1658 numerum
817 1618 869 1657 iis
888 1618 1086 1658 adiectum
1108 1617 1347 1658 censendum
1365 1622 1435 1657 est.
1462 1618 1577 1665 Quod

227 1689 359 1726 autem
376 1682 606 1736 „volonum“
620 1684 797 1736 legiones
816 1684 895 1736 (28,
915 1687 973 1736 10,
994 1683 1055 1731 11)
1075 1685 1335 1736 appellantur,
1350 1696 1469 1735 quum
1486 1684 1577 1725 ideo

228 1753 376 1793 factum
400 1752 568 1802 videtur,
598 1752 693 1802 quia
717 1751 908 1791 haudscio
926 1764 977 1791 an
994 1752 1121 1791 maior
1138 1764 1230 1803 pars
1247 1752 1430 1792 volonum
1448 1752 1578 1802 fuerit,

226 1823 309 1859 tum
326 1822 487 1870 propter
513 1818 728 1858 novitatem
757 1818 815 1858 rei
840 1839 883 1845 —
905 1818 1235 1869 quemadmodum
1261 1818 1432 1859 Gracchi
1458 1818 1577 1858 etiam

226 1886 404 1937 legiones
436 1886 620 1926 volonum
657 1885 874 1937 appellavit
901 1884 1050 1936 Livius,
1086 1897 1323 1936 quamquam
1349 1898 1483 1925 earum
1508 1885 1576 1925 vix

226 1953 383 1993 tertiam
409 1956 562 2004 partem
585 1952 894 1992 voluntariorum
918 1952 1088 1992 militum
1114 1952 1238 1992 fuisse
1267 1957 1428 1992 constat.

325 2020 408 2059 Eae
434 2019 557 2070 igitur
588 2019 765 2070 legiones
800 2032 903 2058 anno
943 2018 1015 2057 547
1058 2019 1131 2058 sub
1174 2018 1361 2059 Terentio
1401 2019 1576 2059 Varrone

226 2085 305 2136 (27,
335 2087 396 2136 36,
426 2085 500 2136 13),
530 2088 604 2124 548
630 2085 704 2125 sub
732 2085 846 2125 Livio
873 2086 915 2125 in
945 2085 1105 2126 Etruria
1130 2085 1290 2125 fuerunt
1318 2085 1397 2135 (28,
1420 2087 1477 2136 10,
1501 2086 1575 2136 11),

226 2151 330 2192 unde
359 2151 582 2203 insequenti
609 2164 712 2191 anno
744 2152 964 2191 Ariminum
1001 2152 1143 2192 ductae
1179 2156 1268 2192 sunt
1305 2151 1383 2202 (28,
1417 2151 1479 2201 46,
1518 2154 1575 2190 13.

227 2219 288 2267 29,
317 2220 351 2268 5,
379 2217 433 2268 9),
464 2218 558 2269 quia
582 2230 718 2258 rursus
743 2218 917 2258 incursio
943 2230 1015 2270 per
1035 2218 1256 2269 Magonem,
1283 2218 1444 2257 fratrem
1469 2218 1574 2256 Han-

224 2284 383 2335 nibalis,
409 2284 516 2325 facta
542 2289 637 2325 erat.
690 2285 754 2325 Ibi
782 2284 926 2325 deinde
959 2298 1031 2336 per
1066 2298 1211 2325 annum
1245 2286 1320 2323 550
1349 2285 1421 2324 sub
1458 2284 1574 2324 Livio

223 2350 403 2402 primum,
446 2355 585 2402 postea
623 2352 696 2391 sub
740 2352 784 2391 L.
823 2352 1007 2392 Sribonio
1043 2355 1223 2403 praetore
1250 2349 1330 2401 (29,
1362 2353 1419 2401 13,
1448 2353 1482 2390 2.
1510 2351 1575 2402 4.),

225 2418 310 2456 551.
351 2419 425 2456 552
466 2418 538 2458 sub
574 2418 624 2457 M.
667 2418 850 2459 Cornelio
889 2419 1123 2472 proconsule
1156 2417 1314 2458 fuerunt
1350 2417 1428 2468 (30,
1469 2421 1501 2470 l,
1539 2421 1574 2460 7.

224 2496 255 2522 c.
283 2477 343 2534 27,
375 2486 440 2523 10:
468 2485 609 2524 ceteris
637 2516 645 2524 .
667 2516 674 2524 .
694 2515 703 2524 .
731 2490 943 2537 prorogata
970 2483 1167 2536 imperia).
1207 2484 1321 2523 Anno
1349 2488 1480 2524 autem
1499 2487 1573 2524 553

223 2562 301 2591 non
326 2551 405 2592 iam
430 2551 502 2592 sub
530 2551 650 2593 armis
676 2564 744 2593 eas
771 2552 895 2594 fuisse
921 2552 1180 2605 perspicimus
1210 2563 1260 2592 ex
1292 2550 1377 2592 Liv.
1413 2553 1473 2603 30,
1513 2553 1574 2593 41.
