1824 3009
895 242 943 279 36

228 351 470 402 acciderunt,
505 351 571 391 hic
611 363 766 402 quoque
808 351 1005 391 exercitus
1042 350 1196 391 deletus
1232 355 1303 391 est.
1356 351 1482 399 Quem
1515 352 1590 392 sub

232 418 307 457 Gn.
335 417 476 457 Fulvio
506 417 652 457 Flacco
682 417 789 457 circa
814 404 1064 457 Herdoneam
1091 416 1253 457 adortus
1283 417 1483 458 Hannibal
1508 429 1590 457 ma-

232 484 343 525 xima
370 496 420 525 ex
446 488 558 536 parte
587 483 751 535 cecidit3
794 484 863 535 qui
891 487 1133 536 supererant,
1172 496 1197 524 a
1233 484 1461 526 consulibus
1502 497 1591 525 con-

233 552 351 592 tracti
387 552 466 602 (25,
493 564 525 592 c.
554 553 615 602 22,
653 551 693 601 2)
735 550 958 601 legionibus
999 549 1274 591 Cannensibus
1313 550 1461 592 adiecti
1501 555 1593 591 sunt

231 620 309 671 (26,
341 621 373 670 1,
398 621 433 659 9.
465 620 538 668 10).

336 685 563 735 Sequuntur
589 697 660 724 eae
688 685 876 734 legiones,
904 696 1010 742 quaest
1034 695 1105 734 per
1122 695 1270 723 annum
1289 685 1364 722 540
1390 684 1592 734 praesidio

233 750 323 792 urbi
350 750 510 792 fuerunt
536 749 616 803 (24,
648 753 705 802 11,
736 749 788 800 3).
829 748 929 790 Cum
956 749 1007 790 iis
1034 753 1191 802 postero
1210 762 1314 791 anno
1333 749 1407 792 Gn.
1425 750 1590 793 Fulvius

234 818 491 859 Centumalus
518 818 747 858 Suessulam
774 817 816 856 in
846 817 975 857 locum
1008 808 1199 867 Marcelli,
1234 817 1304 867 qui
1339 818 1380 857 in
1412 817 1594 857 Siciliam

233 884 378 924 missus
419 887 515 933 erat,
555 882 748 923 successit
774 883 852 933 (24,
881 884 942 933 44,
971 882 1023 931 3).
1077 882 1135 922 Eo
1175 881 1321 923 deinde
1362 895 1477 934 anno,
1516 895 1594 934 quo

234 949 373 1002 Capua
399 948 576 991 obsideri
606 953 748 1001 coepta
774 953 834 989 est
858 948 978 1000 (542),
1008 948 1053 997 Q.
1082 948 1223 990 Fulvio
1257 949 1400 990 Flacco
1440 949 1594 990 consuli

235 1017 420 1058 evenisse
446 1015 633 1057 videntur
662 1015 729 1067 (cf.
758 1029 795 1068 p.
823 1018 900 1065 30).
956 1016 995 1056 Is
1023 1015 1111 1056 fuso
1134 1015 1349 1068 fugatoque
1388 1016 1440 1057 ad
1473 1015 1594 1057 Bene-

234 1088 396 1125 ventum
411 1083 617 1124 Hannonis
646 1083 822 1123 exercitu
850 1083 927 1133 (25,
955 1095 987 1122 c.
1020 1084 1188 1132 13—15)
1220 1096 1299 1124 una
1325 1096 1413 1124 cum
1440 1083 1594 1140 collega

233 1149 288 1190 ad
314 1149 622 1202 oppugnandam
641 1148 819 1200 Capuam
846 1149 1024 1200 legiones
1054 1148 1169 1189 duxit
1196 1150 1244 1198 (c.
1276 1152 1333 1201 15,
1366 1150 1441 1200 18).
1469 1148 1597 1202 Capta

236 1229 330 1256 vero
352 1216 491 1267 Capua
509 1227 627 1255 unam
645 1228 696 1255 ex
715 1215 870 1254 duabus
889 1212 1118 1265 legionibus
1132 1215 1239 1266 fecit,
1254 1215 1442 1266 dimissis,
1461 1227 1593 1266 quem-

236 1280 451 1322 admodum
470 1280 609 1321 Livius
635 1280 744 1332 dicit,
770 1280 832 1331 iis,
859 1280 928 1331 qui
946 1280 1118 1331 plurima
1135 1280 1335 1333 stipendia
1353 1281 1544 1322 haberent
1558 1281 1596 1332 ¹).

236 1347 353 1397 Quod
379 1347 540 1399 quidem
567 1348 624 1387 ita
651 1347 961 1398 intellegendum
988 1347 1156 1398 videtur,
1181 1351 1224 1387 ut
1242 1348 1409 1388 Flaccus
1428 1360 1508 1399 eos,
1527 1348 1595 1398 qui

235 1427 338 1455 anno
367 1416 443 1453 540
471 1413 685 1465 conscripti
712 1418 835 1464 erant,
864 1413 1039 1453 maxima
1066 1418 1170 1454 certe
1189 1426 1239 1454 ex
1256 1418 1368 1465 parte
1386 1413 1593 1464 dimiserit,

218 1485 375 1537 *contra
400 1480 443 1531 ii,
470 1474 541 1530 'qui
569 1483 658 1531 post
685 1479 797 1519 illum
824 1492 970 1519 annum
1000 1479 1042 1519 in
1070 1479 1385 1531 supplementum
1402 1479 1526 1531 missi,
1553 1479 1595 1519 in

236 1547 359 1587 armis
388 1547 658 1587 remanserint.
712 1546 842 1586 Minus
870 1546 975 1586 enim
1019 1550 1110 1597 apte
1142 1546 1336 1598 „plurima
1372 1545 1595 1598 stipendia“

240 1613 378 1654 Livius
405 1613 539 1654 dicere
568 1612 725 1653 videtur
749 1612 798 1653 de
836 1612 1032 1653 eiusmodi
1068 1613 1258 1664 exercitu,
1298 1613 1367 1663 qui
1405 1625 1477 1664 per
1516 1617 1595 1653 tres

237 1692 361 1720 annos
389 1683 541 1719 tantum
581 1679 678 1719 foris
713 1691 794 1719 rem
835 1679 970 1730 gessit.
1024 1679 1115 1719 Nisi
1156 1679 1256 1720 forte
1293 1683 1469 1731 praestat
1508 1692 1596 1720 cum

239 1746 564 1787 Weissenbornio
582 1746 641 1786 sic
658 1750 844 1797 statuere,
872 1759 922 1786 ex
950 1760 975 1797 q
988 1759 1014 1787 u
1028 1759 1053 1786 a
1064 1750 1107 1786 tt
1121 1759 1147 1787 u
1159 1759 1182 1786 o
1197 1760 1216 1786 r
1243 1747 1293 1787 le
1307 1747 1399 1798 gio
1415 1747 1509 1787 nib
1524 1760 1549 1787 u
1564 1759 1595 1797 s,

239 1813 362 1864 Appii
390 1812 549 1853 Claudii
577 1812 681 1860 etQ.
704 1812 848 1863 Fulvii,
874 1825 993 1851 unam
1021 1824 1109 1852 esse
1137 1812 1295 1863 factam,
1319 1825 1484 1863 quarum
1511 1813 1595 1863 qui-

237 1878 329 1920 dem
357 1878 517 1919 Claudii
544 1878 647 1919 duae
675 1879 853 1929 legiones
876 1883 965 1930 post
992 1891 1165 1930 pugnam
1191 1878 1438 1919 Cannensem
1463 1880 1596 1919 statim

238 1944 406 1985 eductae
433 1949 546 1984 erant
570 1948 801 1996 poteratque
829 1944 977 1996 optimo
1007 1944 1093 1985 iure
1120 1944 1170 1985 de
1196 1945 1248 1985 iis
1273 1944 1370 1986 dici:
1399 1944 1491 1997 „qui
1509 1945 1592 1997 plu-

239 2012 340 2052 rima
366 2011 567 2062 stipendia
593 2011 784 2051 haberent
812 2043 820 2051 .
849 2043 857 2051 .
887 2010 918 2051 .“
972 2011 1156 2053 Ceterum
1183 2025 1262 2052 una
1295 2012 1366 2052 illa
1400 2012 1506 2064 legio
1545 2024 1595 2052 ex

238 2090 286 2119 eo
311 2083 487 2130 tempore
519 2078 592 2118 sub
620 2078 743 2118 variis
770 2077 951 2129 ducibus,
979 2078 1072 2119 inde
1099 2078 1150 2118 ab
1177 2091 1281 2119 anno
1310 2081 1382 2118 547
1414 2078 1488 2119 sub
1514 2078 1593 2119 Ho-

239 2145 349 2186 stilio
363 2144 520 2185 Tubulo
538 2144 699 2196 Capuae
719 2145 795 2185 fuit
819 2145 897 2196 (27,
930 2147 1052 2196 7,.10.
1081 2158 1113 2185 c.
1142 2147 1202 2197 22,
1229 2149 1264 2185 4.
1292 2159 1324 2186 c.
1353 2148 1414 2196 36,
1444 2147 1503 2185 13.
1532 2147 1593 2196 28,

242 2214 302 2262 10,
337 2213 395 2251 15.
423 2214 485 2262 29,
517 2214 574 2262 13,
602 2212 653 2261 6).
707 2211 793 2259 Quo
821 2216 997 2262 tempore
1025 2224 1113 2251 cum
1139 2211 1390 2252 Hasdrubale
1416 2211 1590 2252 decerta-

237 2282 322 2318 tum
349 2282 421 2328 est,
446 2278 612 2317 Romam
641 2276 694 2317 ad
721 2277 965 2328 praesidium
991 2277 1101 2318 urbis
1119 2277 1278 2319 videtur
1295 2277 1486 2319 arcessita
1509 2289 1595 2319 esse

239 2345 318 2395 (27,
346 2346 408 2395 43,
439 2344 492 2395 8).
545 2345 639 2384 Post
665 2357 810 2384 annum
836 2356 929 2385 vero
953 2346 1027 2383 550
1056 2356 1176 2395 quum
1202 2357 1281 2385 non
1307 2345 1387 2385 iam
1429 2357 1595 2386 comme-

239 2414 424 2462 moretur,
450 2409 656 2451 dimissam
683 2423 771 2451 eam
798 2423 885 2452 esse
912 2414 1106 2463 putamus.

343 2478 474 2530 Supra
499 2478 579 2517 iam
607 2478 721 2518 nobis
746 2477 945 2518 narranda
972 2482 1056 2518 erat
1082 2490 1218 2519 earum
1244 2478 1457 2529 legionum,
1494 2492 1594 2530 quae

333 2622 362 2663 ι)
386 2621 459 2655 Liv.
484 2622 536 2662 26,
563 2623 615 2662 28,
639 2623 669 2662 7,
694 2622 724 2654 8.
