1824 3009
893 197 940 233 37

243 321 346 348 anno
375 310 445 347 541
478 307 724 358 conscriptae
752 311 854 356 sunt,
884 306 1050 346 historia
1073 306 1127 357 (p.
1146 309 1195 344 33
1210 308 1296 356 sq.).
1338 307 1450 346 Duae
1467 311 1597 347 autem

243 386 369 415 novae
395 373 573 425 legiones
599 372 694 412 anni
732 374 806 411 542
848 373 1007 423 Romae,
1050 376 1092 412 ut
1129 372 1339 423 assolebat,
1376 385 1448 424 per
1486 372 1598 413 illum

242 453 389 481 annum
415 444 687 480 remanserunt
705 439 743 489 ¹).
783 440 844 479 De
872 440 1118 490 insequentis
1135 451 1228 479 vero
1243 439 1337 478 anni
1355 440 1464 489 (543)
1482 441 1596 482 novis

243 506 482 548 exercitibus
509 506 736 547 coniectura
771 510 923 547 tantum
963 506 1151 558 colligere
1189 517 1408 558 possumuS,
1449 505 1597 559 quippe

244 587 364 626 quum
388 574 507 626 plane
532 586 612 614 non
637 574 875 614 laboraverit
894 574 943 614 de
962 574 1014 614 iis
1039 574 1189 624 Livius,
1207 574 1275 624 qui
1294 572 1373 624 (25,
1393 576 1453 613 41.
1473 575 1533 625 26,
1556 573 1595 624 l)

243 652 317 680 nec
342 640 392 680 de
419 639 693 679 consularibus
720 640 959 680 exercitibus
986 652 1059 680 nec
1086 639 1136 679 de
1161 639 1274 679 novis
1293 639 1454 679 urbanis
1473 640 1594 691 legio-

242 707 359 747 nibus
400 706 612 757 quicquam
650 706 758 747 dicit.
827 706 1009 747 Ceterum
1047 706 1380 747 verisimillimum
1425 707 1594 758 videtur,

242 774 409 813 alterum
435 774 682 812 consularem
708 774 924 813 exercitum
960 774 1083 813 fuisse
1123 774 1360 813 urbanarum
1391 773 1593 823 legionum

241 838 456 890 superioris
485 839 580 879 anni
608 839 685 891 (25,
712 841 745 891 3,
774 840 826 891 7),
854 841 1020 881 alterum
1046 839 1214 880 adiectis
1242 838 1526 891 supplementis
1544 851 1594 879 ex

243 906 293 946 iis
318 905 444 957 copiis
472 905 620 946 factum
647 918 745 957 esse,
775 920 873 957 quas
898 911 989 959 post
1014 907 1076 946 Ti.
1105 906 1275 946 Gracchi
1292 910 1456 946 mortem
1475 918 1592 956 quae-

243 977 324 1013 stor
353 972 439 1012 eius
465 973 630 1013 Romam
655 972 866 1014 reduxerat
894 972 961 1024 (cf.
980 986 1101 1025 supra
1117 987 1154 1025 p.
1176 975 1251 1020 31).
1292 973 1466 1021 Quorum
1484 985 1593 1013 exer-

241 1039 390 1079 cituum
417 1039 583 1079 alterum
609 1044 713 1079 certe
732 1038 847 1080 initio
867 1041 999 1080 statim
1017 1040 1112 1079 anni
1130 1040 1203 1080 sub
1220 1039 1395 1090 Cethego
1413 1043 1595 1090 praetore

241 1105 320 1155 (25,
348 1107 409 1156 41,
442 1105 505 1155 13)
546 1106 587 1146 in
626 1106 813 1157 Apuliam
852 1107 1015 1147 missum
1054 1119 1142 1147 esse
1182 1106 1407 1156 conicimus,
1448 1105 1595 1157 quippe

242 1171 343 1222 quae
368 1171 575 1222 provincia
601 1177 691 1224 post
719 1171 900 1213 Oentenii
918 1177 958 1213 et
976 1173 1109 1213 Fulvii
1128 1173 1262 1213 Flacci
1281 1172 1414 1213 clades
1433 1181 1593 1223 prorsus

240 1251 368 1279 vacua
393 1240 443 1279 ab
471 1240 711 1281 exercitibus
738 1245 853 1281 esset.
900 1241 1029 1289 Quum
1055 1253 1148 1280 vero
1174 1240 1243 1280 illo
1271 1252 1373 1280 anno
1394 1238 1593 1279 Hannibal

246 1305 383 1345 urbem
409 1306 537 1357 ipsam
564 1306 856 1359 adgrederetur,
882 1319 953 1358 per
978 1320 1161 1358 magnam
1188 1311 1343 1358 partem
1370 1306 1464 1346 anni
1491 1309 1593 1345 uter-

242 1361 318 1421 que
345 1373 481 1412 consul
499 1373 646 1413 Romae
664 1374 863 1413 remansit.
901 1373 1054 1421 Quibus
1073 1373 1289 1413 exercitum
1309 1373 1434 1412 fuisse
1453 1372 1591 1412 Livius

242 1436 320 1487 (26,
352 1438 408 1489 lo,
435 1438 474 1488 2)
503 1451 663 1479 censere
688 1439 855 1491 videtur,
882 1452 1002 1490 quum
1031 1443 1167 1480 contra
1193 1452 1272 1479 non
1296 1439 1503 1490 Appianus
1530 1450 1590 1477 so-

240 1503 320 1543 lum
346 1505 403 1552 (cg
425 1506 494 1545 39:
525 1502 676 1544 οἰκεῖον
703 1500 819 1545 οὐδὲν
847 1503 1005 1555 ἔχοντες
1032 1501 1197 1557 ἱκανόν),
1223 1505 1294 1546 sed
1320 1505 1439 1545 etiam
1473 1505 1590 1555 Poly-

239 1570 328 1610 bius
356 1571 440 1622 (IX,
460 1571 502 1621 6)
521 1573 651 1613 nullas
670 1572 847 1613 adfuisse
866 1573 1000 1625 copias
1020 1573 1137 1613 dicat.
1179 1572 1290 1621 Quae
1308 1584 1371 1612 res
1396 1570 1591 1622 quomodo

240 1647 283 1676 se
310 1636 504 1690 habuerit,
530 1651 602 1691 pro
630 1643 735 1680 certo
759 1639 919 1690 quidem
940 1639 1020 1681 dici
1043 1652 1121 1680 non
1138 1643 1283 1691 potest;
1311 1638 1382 1679 sed
1399 1637 1591 1678 haudscio

240 1715 292 1743 an
318 1708 474 1755 praeter
500 1705 591 1746 illas
619 1719 741 1747 novas
768 1707 957 1758 legiones,
985 1719 1083 1758 quas
1121 1719 1168 1746 eo
1208 1706 1378 1746 maxime
1416 1710 1591 1756 tempore

240 1770 483 1823 conscriptas
511 1784 597 1812 esse
627 1773 817 1825 Polybius
844 1778 989 1825 narrat,
1017 1774 1118 1814 alter
1143 1773 1345 1813 etiamtum
1372 1770 1590 1812 consularis

239 1838 435 1877 exercitus
474 1839 621 1878 Romae
663 1840 782 1879 fuerit
813 1862 855 1868 —
886 1841 954 1890 qui
988 1852 1095 1890 sane,
1129 1839 1325 1890 siquidem
1358 1839 1468 1878 fuere
1501 1838 1589 1877 reli-

240 1903 358 1953 quiae
384 1905 581 1946 exercitus
612 1906 885 1958 Semproniani
912 1906 1080 1947 necdum
1117 1907 1186 1947 illo
1219 1912 1393 1958 tempore
1433 1905 1588 1957 supple-

239 1962 378 2010 menta'
410 1971 648 2023 scripserant
686 1973 878 2024 consules,
918 1973 1158 2025 perexiguus
1196 1976 1325 2024 potest
1362 1971 1496 2012 fuisse.
1539 1992 1588 1999 —

330 2109 360 2152 l)
385 2109 431 2144 Ut
452 2110 542 2143 nihil
565 2112 702 2145 omnino
725 2112 933 2154 omittamus,
962 2113 1114 2146 Centenii
1137 2122 1272 2155 quoque
1296 2111 1501 2145 mentionem
1526 2110 1591 2143 hoc

239 2168 313 2202 loco
339 2169 511 2211 inicimus,
534 2170 629 2203 cuius
651 2171 820 2204 exercitus
843 2171 959 2204 eodem
983 2182 1072 2204 anno
1097 2172 1162 2204 542
1191 2173 1317 2204 temere
1344 2170 1431 2203 inito
1460 2168 1590 2210 proelio

238 2228 274 2260 in
298 2227 448 2261 Lucania
469 2228 569 2271 plane
591 2228 722 2263 deletus
743 2232 794 2263 est
815 2230 903 2272 (Liv.
925 2231 978 2273 25,
1006 2230 1056 2271 19,
1078 2232 1098 2263 9
1122 2230 1215 2272 sqq.).
1250 2229 1332 2262 Eius
1355 2238 1468 2261 casum
1492 2237 1588 2269 pror-

238 2297 293 2319 sus
316 2286 426 2320 alieno
449 2287 523 2321 loco
544 2291 663 2321 narrat
684 2288 860 2331 Appianas
887 2289 929 2331 (c.
955 2289 996 2333 9).
1035 2289 1190 2323 Ceterum
1214 2289 1250 2322 in
1273 2289 1315 2322 118
1337 2297 1480 2331 quoque,
1503 2297 1589 2329 quae

237 2345 279 2379 de
302 2356 341 2380 eo
363 2346 481 2380 Livius
505 2347 527 2380 1.
549 2348 572 2381 1.
595 2348 750 2391 tradidit,
773 2349 864 2382 haud
891 2349 962 2384 fere
976 2351 1154 2392 quisquam
1171 2350 1248 2390 erit,
1271 2350 1354 2391 quin
1371 2347 1587 2381 vehementer

240 2403 400 2438 offendat.
447 2405 739 2440 Verisimillimum
763 2408 861 2441 nobis
884 2407 1022 2450 quidem
1047 2417 1119 2440 esse
1140 2406 1285 2448 videtur,
1308 2406 1505 2439 Centenium
1542 2406 1586 2438 ad

239 2464 426 2497 exercitum
449 2465 520 2497 eive
542 2464 684 2499 Gracchi
708 2466 777 2499 sive
802 2466 916 2500 Flacci
941 2467 1108 2509 praetoris
1131 2464 1323 2508 augendum
1350 2475 1427 2498 cum
1459 2464 1591 2506 aliquot

239 2521 377 2555 milibus
398 2522 537 2555 missum
559 2533 639 2566 esse,
662 2523 785 2557 deinde
807 2525 952 2569 receptis
974 2524 1124 2569 undique
1147 2524 1349 2559 voluntariis
1374 2533 1435 2556 sua
1467 2526 1589 2569 sponte

238 2580 462 2624 belligerasse.
