1824 3009
900 271 949 307 24

248 385 377 435 ipsum
406 382 646 432 Marcellum,
675 381 843 421 eundem
872 382 1088 421 exercitum
1117 395 1188 433 per
1220 384 1439 434 complures
1482 395 1606 422 annos

248 451 460 492 retinuisse
488 449 766 501 intellegimus.

352 518 410 557 Eo
439 517 562 568 igitur
590 516 767 556 exercitu
785 516 997 556 Marcellus
1022 517 1191 567 primum
1220 517 1261 556 in
1281 516 1511 569 Campania,
1538 531 1609 569 per

249 586 413 637 aliquod
439 590 594 636 tempus
623 597 712 624 eum
726 584 853 624 Fabio
875 584 1031 634 collega
1049 584 1291 635 coniunctus,
1310 584 1457 624 bellum
1475 585 1635 636 gessit:

249 654 380 701 Quum
407 657 539 692 autem
567 652 609 691 in
636 650 777 691 Sicilia
804 651 933 701 magis
960 651 1002 689 in
1030 650 1116 690 dies
1144 651 1267 690 animi
1292 650 1493 690 hominum
1533 652 1607 690 sol-

249 720 497 760 licitarentur
523 730 597 758 nec
630 717 673 757 id
711 717 838 757 solum
876 717 1089 768 timeretur,
1130 729 1179 757 ne
1220 730 1308 757 cum
1348 716 1609 769 Syracusanis

251 788 399 827 bellum
429 785 646 837 gerendum
674 789 790 836 esset,
819 784 891 824 sed
919 785 961 823 in
990 785 1078 835 ipsa
1098 785 1305 835 provincia
1318 784 1496 825 Romana
1513 798 1607 825 non-

251 854 381 895 nullas
410 854 527 893 urbes
558 852 672 892 novis
704 851 821 891 rebus
849 851 1007 891 studere
1026 855 1246 903 appareret,
1274 851 1424 903 duplici
1442 852 1609 906 imperio

251 925 433 962 coercere
461 920 633 960 insulam
660 918 815 958 senatui
841 918 1004 969 placuit.
1059 917 1224 968 Quoque
1255 919 1423 958 celerius
1450 918 1609 969 bellum,

252 988 359 1040 quod
385 987 627 1038 imminebat,
655 985 923 1036 conficeretur,
957 984 1155 1036 Marcelle,
1194 989 1237 1025 ut
1278 986 1346 1036 qui
1387 985 1468 1025 dux
1507 990 1610 1026 esset

251 1055 579 1107 spectatissimus,
605 1053 785 1093 Siciliam
812 1052 1058 1104 provinciam
1085 1052 1353 1092 decreverunt.
1393 1052 1472 1100 Qui
1491 1066 1610 1103 quum

251 1136 323 1175 per
349 1122 513 1174 aliquod
541 1125 695 1174 tempus
737 1120 966 1161 valetudine
1003 1119 1171 1161 adversa
1204 1120 1331 1161 Nolae
1365 1121 1610 1172 retineretur,

252 1195 404 1240 partem
430 1188 627 1228 exercitus
655 1188 735 1227 iam
761 1188 1015 1238 praemisisse
1042 1187 1083 1226 in
1098 1187 1277 1226 Siciliam
1295 1187 1462 1238 videtur,
1494 1200 1612 1238 quam

253 1257 417 1297 absente
446 1268 492 1296 eo
520 1254 673 1307 Appius
701 1253 893 1294 Claudius
920 1252 1034 1294 duxit
1051 1254 1089 1301 ¹).
1130 1253 1302 1294 Alteram
1331 1254 1462 1294 autem
1489 1254 1610 1306 legio-

253 1337 354 1373 nem,
382 1335 501 1372 quam
528 1334 662 1361 secum
689 1321 904 1360 abduxisse
933 1333 982 1359 ex
1007 1321 1124 1359 Italia
1148 1322 1349 1360 consulem
1375 1322 1504 1372 ipsum
1541 1334 1609 1371 pu-

253 1394 338 1429 tare
374 1392 611 1441 poteramus,
648 1387 767 1440 paulo
808 1390 897 1439 post
936 1386 1175 1427 submissam
1211 1399 1299 1427 esse
1337 1386 1475 1434 Livius
1515 1387 1613 1429 dicit

256 1472 287 1497 c.
316 1459 377 1507 36,
404 1459 438 1495 4.
493 1456 864 1506 Supplementorum
892 1456 1131 1495 mentionem
1155 1456 1252 1495 facit
1279 1458 1339 1505 26,
1369 1459 1401 1505 1,
1430 1459 1463 1494 7.

360 1523 471 1570 Quae
498 1526 630 1562 autem
656 1521 825 1573 legimus
854 1521 960 1572 apud
987 1521 1144 1561 Livium
1162 1523 1240 1572 (26,
1265 1525 1298 1573 1,
1323 1523 1404 1571 1·2):
1435 1514 1611 1573 „rota-

255 1591 349 1630 cilio
378 1595 417 1630 et
444 1591 494 1629 M.
525 1590 682 1628 Valerio
712 1589 875 1628 Siciliae
904 1589 1174 1638 Graeciaeque
1197 1602 1266 1628 ora
1285 1602 1372 1629 cum
1390 1591 1613 1640 legionibus

255 1656 540 1706 classibusque,
569 1655 713 1705 quibus
740 1658 960 1706 praeerant,
988 1654 1171 1694 decretae
1199 1686 1206 1694 .
1228 1686 1235 1694 .
1256 1687 1263 1694 .
1292 1659 1447 1695 centum
1473 1656 1614 1697 Sicilia

257 1736 345 1763 cum
372 1722 569 1762 duabus
599 1722 901 1772 legionibus
929 1722 1101 1761 habebat
1129 1721 1275 1761 naves“
1301 1744 1353 1749 —
1378 1735 1427 1761 ea
1452 1736 1523 1773 per
1555 1736 1612 1763 er-

256 1801 383 1828 rorem
409 1788 594 1827 videntur
621 1787 729 1827 dieta
757 1799 856 1826 esse.
901 1787 1058 1827 Etenim
1085 1787 1299 1828 Otacilium
1331 1810 1377 1815 —
1406 1788 1474 1839 qui
1498 1789 1613 1829 annis

258 1859 331 1896 537
361 1861 400 1896 et
429 1858 502 1894 538
532 1855 686 1895 duabus
716 1855 952 1905 legionibus,
992 1868 1093 1905 quae
1133 1856 1174 1894 in
1218 1856 1358 1895 Sicilia
1396 1861 1507 1895 erant
1547 1856 1613 1905 (cf.

256 1936 292 1973 p.
322 1924 382 1960 23.
414 1921 504 1972 28.),
533 1921 753 1973 praefuisse
780 1920 950 1971 videtur,
979 1942 1026 1947 -—
1055 1920 1149 1960 inde
1176 1921 1227 1960 ab
1261 1934 1364 1961 anno
1403 1924 1475 1961 539
1514 1923 1612 1963 clas-

257 2003 341 2030 sem
368 1990 493 2029 solam
520 1988 739 2028 obtinuisse
767 2002 816 2028 ex
844 1988 1026 2028 omnibus
1053 1989 1151 2028 locis
1170 1990 1442 2040 perspicimus,
1470 1991 1613 2040 quibus

258 2055 396 2093 Livius
431 2054 669 2093 mentionem
696 2054 782 2093 eius
815 2053 911 2092 fecit
940 2054 1065 2103 (velut
1091 2055 1152 2104 23,
1181 2056 1243 2105 41,
1273 2056 1308 2105 8,
1336 2058 1370 2094 9.
1402 2057 1461 2106 24,
1488 2058 1523 2106 8,
1556 2058 1613 2095 14.

259 2124 320 2173 25,
347 2124 407 2173 31,
440 2124 497 2172 12,
526 2121 667 2172 alias);
694 2125 734 2162 et
761 2121 948 2172 quoniam
977 2122 1155 2173 legiones
1183 2122 1277 2163 illae
1296 2122 1398 2163 duae
1421 2137 1614 2174 nusquam
1655 2149 1658 2151 -

259 2201 331 2228 nec
358 2192 476 2227 antea
501 2200 574 2227 nec
601 2192 740 2239 postea
762 2192 1124 2239 commemorantur,
1142 2189 1261 2228 facile
1279 2194 1398 2241 patet,
1417 2203 1494 2229 non
1513 2190 1614 2230 alias

259 2268 327 2295 eas
355 2254 480 2294 fuisse
507 2255 769 2306 aeMarcelli,
812 2254 861 2295 de
895 2255 1038 2305 quibus
1072 2255 1189 2295 modo
1223 2256 1387 2306 egimus,
1427 2257 1614 2307 legiones.

348 2409 381 2451 1)
405 2408 495 2441 Plut.
511 2408 616 2441 Maro.
635 2409 689 2441 13:
712 2408 886 2452 Ῥωμαίων
909 2405 950 2449 ἦν
969 2409 1039 2441 ἐκεῖ
1059 2411 1365 2452 προαπεσταλμένη
1389 2407 1532 2453 δύναμις
1554 2413 1610 2442 καὶ

260 2466 445 2511 στρατηγὸς
457 2463 607 2503 Ἄππιος.
653 2467 695 2500 cf.
719 2468 794 2501 Liv.
819 2470 871 2509 24,
895 2469 947 2510 29,
971 2469 1002 2501 4.
1024 2480 1051 2502 c.
1077 2470 1127 2501 30.
1155 2469 1182 2502 1.
1230 2469 1380 2512 Appium
1405 2480 1473 2502 non
1496 2480 1614 2512 proro-

259 2532 340 2571 gato
362 2540 382 2560 a
407 2531 527 2560 senatu
549 2528 694 2570 imperio
716 2528 865 2570 legiones
890 2528 1090 2569 Cannenses,
1114 2529 1238 2570 quibus
1261 2530 1377 2571 priore
1404 2540 1492 2562 anno
1519 2540 1614 2571 prae-

260 2587 383 2629 fuerat,
415 2587 572 2620 Cornelio
607 2587 753 2620 Lentulo
774 2587 956 2620 tradidisse
979 2590 1122 2630 apparet
1141 2598 1181 2620 ex
1204 2588 1277 2621 Liv.
1303 2589 1356 2627 24,
1383 2589 1433 2630 10,
1457 2588 1487 2620 5.
1534 2588 1615 2622 Post

261 2647 445 2680 adventum
473 2647 626 2681 Marcelli
650 2647 782 2690 legatus
803 2647 874 2680 eius
899 2646 966 2680 fuit
993 2650 1032 2689 (c.
1056 2649 1109 2689 39,
1137 2648 1200 2689 12).
