1824 3009
854 185 899 222 13

200 294 443 337 Placentiam
470 294 657 347 effugisse
683 298 723 336 et
748 294 886 336 Livius
923 299 963 335 et
997 295 1187 347 Polybius
1221 299 1392 336 narrant.
1445 295 1549 344 Quo-

199 374 287 402 rum
313 374 498 402 numerus
531 361 607 401 fuit
640 361 752 401 milia
792 361 940 413 decem,
981 374 1127 413 eosque
1152 366 1306 415 postea
1344 363 1549 415 dispersae

201 441 340 469 manus
368 432 408 469 et
434 429 609 479 equitum
641 433 680 468 et
715 427 893 480 peditum
928 433 1086 469 secutae
1120 433 1221 469 sunt.
1275 429 1379 480 (Liv.
1416 443 1448 470 c.
1487 432 1549 481 56,

202 498 225 534 2
252 507 337 546 sqq.
365 496 447 535 Pol.
473 495 545 545 111,
574 498 635 545 74,
663 499 687 533 4
714 496 816 546 sqq.)
872 496 1009 535 Utrius
1035 508 1129 535 vero
1157 496 1349 536 exeicitus
1376 496 1448 535 illa
1481 496 1548 536 de-

203 573 288 602 cem
315 561 428 601 milia
453 561 609 611 fuerint,
637 560 810 601 discerni
835 574 913 601 non
940 565 1080 612 potest,
1107 566 1315 613 propterea
1344 562 1450 613 quod
1476 575 1549 602 nec

203 627 341 668 Livius
368 640 442 667 nec
461 626 652 678 Polybius
670 627 893 667 accuratius
912 626 1133 678 descripsit,
1152 640 1228 678 quo
1247 628 1384 668 ordine
1402 629 1549 668 milites

200 695 243 734 in
269 694 341 734 illa
376 705 510 746 pugna
549 694 732 734 instructi
768 693 925 734 fuerint.
978 694 1073 734 Post
1111 706 1285 745 pugnam
1324 694 1550 747 Scipionem

200 760 404 813 praesidia
430 765 646 802 castrorum
672 765 712 801 et
737 761 839 801 alias
874 761 1083 801 nonnullas
1116 773 1254 801 manus
1293 762 1549 813 Placentiam,

200 827 294 869 inde
311 827 543 868 Cremonam
569 826 732 868 duxisse
746 827 884 867 Livius
912 831 1045 867 narrat
1072 840 1104 867 c.
1132 830 1193 878 56,
1220 831 1255 867 8.
1295 827 1373 876 Qui
1401 828 1548 869 disces-

202 906 269 935 sus
288 894 488 945 Scipionis
515 906 540 933 a
556 893 762 934 Placentia
787 894 845 933 ita
870 892 1027 933 videtur
1054 893 1354 945 intellegendus,
1381 898 1424 934 ut
1447 899 1547 934 uter-

200 972 276 1010 que
295 960 442 1010 consul,
460 957 595 1009 Scipio
614 957 841 1008 Cremonae,
860 957 1114 1009 Sempronius
1131 957 1372 1009 Placentiae,
1391 971 1550 999 suarum

202 1027 403 1078 legionum
429 1024 609 1076 reliquiis
637 1023 863 1075 praefuerit.

302 1092 386 1132 Iam
413 1091 680 1143 quaerendum
707 1091 821 1131 nobis
848 1094 917 1141 est,
945 1091 1014 1141 qui
1040 1090 1160 1131 fuerit
1179 1091 1376 1131 exercitus
1395 1091 1442 1132 G.
1460 1091 1549 1132 Fla.-

201 1159 316 1199 minii
342 1159 395 1199 ad
422 1160 552 1198 lacum
578 1158 901 1198 Trasumennum.
945 1157 1006 1197 De
1034 1158 1255 1209 quoplane
1272 1171 1352 1198 non
1370 1158 1552 1199 convenit

202 1226 306 1266 inter
331 1229 522 1266 auctores.
561 1224 667 1272 Quin
694 1224 814 1276 etiam
841 1223 979 1264 Livius
1004 1224 1091 1275 ipse
1109 1224 1271 1264 minime
1289 1225 1368 1265 sibi
1387 1229 1551 1276 constat,

203 1292 282 1343 qui,
310 1304 430 1342 quum
456 1292 570 1331 initio
598 1291 741 1342 capitis
770 1292 818 1329 63
846 1291 1169 1341 commemorarit,
1209 1303 1277 1330 eas
1305 1295 1458 1331 tantum
1488 1304 1549 1331 co-

202 1358 302 1410 pias,
320 1370 421 1409 quae
434 1357 661 1398 Placentiae
679 1357 933 1407 hibemarint,
952 1356 977 1396 i.
991 1368 1024 1396 e.
1040 1356 1346 1408 Sempronianas
1360 1357 1550 1408 legiones,

203 1424 399 1464 Flaminio
426 1427 529 1464 sorte
557 1423 747 1474 evenisse,
774 1423 817 1462 in
843 1422 982 1462 eodem
1008 1423 1078 1462 illo
1100 1423 1229 1474 capite
1248 1423 1365 1475 plane
1384 1426 1424 1463 et
1448 1423 1548 1463 dilu-

204 1490 292 1531 cide
336 1490 444 1531 dicat
487 1489 528 1540 (ξ
575 1491 650 1542 13),
693 1493 900 1540 utrumque
944 1489 1159 1530 exercitum
1203 1502 1291 1530 eum
1335 1490 1549 1542 accepisse.

202 1557 407 1608 Appianus
447 1557 589 1602 (Hann.
627 1568 659 1595 c.
697 1557 736 1603 8)
777 1555 1000 1606 Servilium,
1039 1556 1239 1595 consulem
1279 1556 1457 1607 alterum,
1496 1556 1550 1595 ad

202 1622 355 1663 Padum
382 1644 428 1652 —
456 1623 482 1663 i.
509 1635 542 1663 e.
570 1622 786 1663 Cremonae
805 1644 854 1650 —
873 1634 898 1662 a
921 1621 1107 1674 Scipione
1128 1622 1316 1662 traditum
1341 1622 1549 1674 imperium

203 1690 406 1740 accepisse
433 1689 543 1740 dicit,
570 1689 677 1740 quod
711 1689 747 1729 si
781 1688 1017 1729 conferimus
1059 1701 1148 1728 cum
1185 1689 1315 1739 priore
1354 1689 1424 1728 illo
1462 1689 1549 1729 loco

203 1755 371 1796 Liviano
399 1755 447 1806 (c.
476 1757 524 1795 63
551 1756 664 1807 init),
693 1755 736 1795 id
770 1755 927 1796 videtur
966 1754 1082 1806 effici,
1121 1760 1164 1795 ut
1203 1756 1346 1795 binas
1385 1759 1548 1807 uterque

204 1823 341 1863 consul
367 1823 596 1874 legiones
623 1822 913 1873 superioris
939 1822 1057 1861 anni
1084 1821 1283 1873 acceperit
1299 1822 1338 1870 ¹).
1376 1821 1456 1861 Eas
1481 1833 1548 1861 au-

202 1892 283 1928 tem
308 1889 485 1940 legiones
513 1889 784 1940 supplemento
811 1889 990 1940 expletas
1008 1892 1048 1928 et
1066 1888 1194 1928 denuo
1213 1887 1444 1928 constitutas
1462 1900 1549 1928 esse

204 1958 246 1994 ut
273 1955 332 1995 rei
357 1955 484 2006 ipsius
510 1958 653 1995 natura
677 1954 984 1995 existimandum
1010 1958 1081 2005 est,
1107 1955 1164 1994 ita
1191 1955 1327 2006 colligi
1352 1958 1482 2005 potest
1499 1966 1549 1994 ex

203 2020 335 2060 verbis
361 2021 521 2071 Polybii
547 2020 635 2071 (111,
664 2022 724 2071 75,
753 2023 787 2059 6.
815 2022 876 2071 77,
908 2020 968 2071 1.),
1004 2021 1073 2070 qui
1107 2024 1314 2071 utrumque
1350 2020 1550 2061 consulem
1616 2052 1619 2054 .

204 2100 293 2128 cum
319 2100 421 2127 novo
448 2086 626 2127 exercitu
659 2087 785 2127 Roma
823 2086 1043 2139 profectum
1083 2086 1192 2138 dicit,
1232 2087 1274 2127 in
1309 2086 1508 2127 Etruriam
1517 2088 1549 2135 ²)

204 2153 455 2205 Flaminium,
482 2152 693 2194 Servilium
718 2153 952 2205 Ariminum,
977 2157 1096 2204 atque
1123 2153 1224 2194 adeo
1250 2153 1351 2194 nihil
1392 2154 1550 2194 omnino

202 2220 328 2261 adicit
354 2220 404 2261 de
430 2219 646 2272 superioris
673 2219 768 2260 anni
795 2219 1036 2261 exercitibus
1064 2220 1346 2261 consularibus.
1397 2220 1482 2260 Iam
1507 2219 1551 2260 id

203 2287 312 2327 venit
338 2287 380 2326 in
406 2286 581 2337 dubium,
607 2298 803 2336 numquae
829 2286 1006 2337 legiones
1032 2298 1157 2326 novae
1194 2286 1439 2337 conscriptae
1470 2286 1551 2326 sint

293 2437 326 2480 1)
348 2438 535 2471 Mommsen
556 2437 597 2470 R.
621 2437 660 2470 G.
684 2438 710 2469 1.
734 2449 767 2480 p.
790 2438 865 2471 600.

291 2497 325 2541 2)
346 2497 546 2532 Rectissime
569 2497 754 2531 Weissenb.
778 2499 904 2540 monet,
926 2507 988 2540 per
1010 2507 1160 2531 errorem
1184 2497 1220 2531 in
1243 2497 1356 2540 capite
1377 2497 1429 2532 63.
1472 2499 1549 2533 Ari-

204 2558 334 2592 minum
357 2567 378 2591 a
399 2558 499 2592 Livio
520 2557 650 2592 dictum
675 2568 744 2592 esse
766 2568 830 2600 pro
853 2556 1002 2591 Arretio.
