1824 3009
884 232 931 269 18

229 338 370 378 dentur
409 339 569 390 captivi,
610 351 709 389 quos
749 344 990 391 permutatos
1034 353 1121 381 esse
1156 340 1241 382 Liv.
1275 341 1353 392 (22,
1391 343 1451 392 23,
1480 342 1520 392 7)
1548 346 1588 382 et

228 405 465 444 Plutarchus
493 405 606 456 (Fab.
636 406 740 445 Max,
777 419 810 446 c.
846 410 867 444 7
904 408 1019 456 extr.)
1061 413 1231 447 narrant.
1284 408 1414 455 Quum
1456 412 1588 448 autem

228 483 299 510 eae
326 471 504 522 legiones
532 472 698 512 diutinis
724 473 886 524 proeliis
913 486 1098 524 magnam
1117 474 1311 514 iacturam
1329 474 1589 526 accepissent,

228 550 418 577 novorum
445 551 602 589 quoque
630 539 800 579 militum
827 552 994 591 magnus
1022 552 1206 580 numerus
1234 541 1285 580 iis
1312 540 1492 580 adiectus
1528 545 1589 580 est

227 605 296 655 (cf.
325 604 410 644 Liv.
438 617 470 644 c.
499 607 560 655 36,
589 605 641 654 2).
694 604 846 652 Quodsi
875 605 1013 646 Livius
1042 606 1092 654 (c.
1120 609 1182 657 40,
1210 606 1252 660 Z)
1280 607 1416 657 copias
1446 607 1587 646 Roma-

228 682 367 708 norum
393 674 506 721 parte
534 670 704 709 dimidia
730 675 866 710 auctas
895 683 982 710 esse
1009 671 1119 723 dicit,
1147 684 1351 711 numerum
1388 672 1590 722 legionum

227 737 355 776 solum
383 738 547 788 respicit
573 760 622 766 -
650 742 763 777 erant
802 738 908 777 enim
943 743 1127 788 quattuor
1161 752 1362 790 novorum,
1405 743 1590 789 quattuor

226 808 404 843 veterum
431 804 602 843 militum
630 825 690 854 -—,
718 804 828 843 nulla
854 804 940 844 eius
969 805 1027 844 rei
1055 805 1207 844 ratione
1226 805 1374 856 habita,
1393 804 1500 855 quod
1521 816 1587 845 ve-

226 871 376 911 teribus
403 883 560 921 quoque
586 871 811 921 legionibus
839 871 932 911 novi
959 872 1106 911 milites
1141 872 1313 911 immixti
1351 876 1483 921 erant3
1525 872 1588 912 sin

227 938 307 977 alio
323 934 420 977 'loco
448 938 496 986 (c.
524 940 587 988 41,
615 936 657 987 5)
696 937 881 987 legimus:
924 936 1023 976 duas
1063 950 1187 989 prope
1228 942 1360 989 partes
1401 938 1587 989 tironum,

226 1005 326 1044 haec
352 1005 474 1044 verba
501 1004 678 1055 edocent,
707 1008 802 1054 quot
828 1004 869 1043 in
897 1004 1081 1043 universo
1117 1005 1295 1044 exercitu
1329 1010 1368 1044 et
1407 1010 1583 1045 veterum

227 1072 397 1110 militum
425 1076 464 1110 et
489 1072 662 1110 tironum
689 1071 847 1109 fuerint.
901 1071 1139 1110 Universum
1166 1083 1259 1110 vero
1285 1083 1491 1124 numerum
1518 1084 1581 1111 eo-

226 1149 324 1188 rum,
358 1138 427 1188 qui
462 1136 569 1188 apud
599 1136 757 1176 Cannas
784 1135 1059 1187 pugnaverint,
1096 1136 1288 1187 Polybius
1316 1137 1401 1188 (111,
1433 1139 1517 1189 113,
1548 1139 1587 1183 5)

226 1204 427 1255 octoginta
454 1204 568 1243 milia
594 1203 784 1254 peditum,
812 1215 882 1242 sex
910 1203 1097 1253 equitum,
1122 1204 1358 1243 Plutarchus
1385 1204 1584 1244 duodeno-

227 1271 392 1321 naginta
418 1270 532 1310 milia
558 1270 670 1320 (Fab.
696 1269 800 1309 Max,
824 1282 855 1309 c.
879 1269 956 1320 14),
983 1269 1123 1309 Livius
1150 1269 1199 1318 (c.
1229 1271 1290 1321 36,
1318 1270 1358 1320 4)
1378 1271 1406 1320 ¹)
1434 1275 1585 1322 septem

226 1342 265 1376 et
292 1338 495 1388 octoginta
520 1337 634 1376 milia
660 1342 699 1376 et
726 1336 916 1376 ducentos
943 1336 1067 1376 fuisse
1095 1336 1204 1376 dicit.
1251 1338 1426 1389 Apparet
1452 1338 1585 1389 igitur,

225 1404 347 1444 ferme
375 1417 591 1455 congruere
618 1416 823 1444 numerum
854 1403 958 1443 inter
984 1407 1167 1443 auctores
1181 1404 1224 1453 2).
1268 1403 1449 1444 Ceterum
1467 1405 1584 1455 plane

225 1464 303 1510 non
330 1471 471 1510 eadem
499 1470 707 1511 consensio
735 1474 796 1510 est
823 1469 873 1509 de
900 1470 963 1520 iis,
992 1481 1093 1520 quae
1121 1470 1162 1508 in
1190 1482 1324 1521 pugna
1359 1476 1584 1521 evenerunt,

226 1543 265 1576 et
291 1538 498 1588 imprimis,
526 1542 621 1587 quot
647 1537 826 1577 homines
852 1536 1050 1576 interfecti
1068 1536 1158 1586 sint,
1177 1541 1220 1576 ut
1238 1538 1457 1588 conveniat,
1476 1538 1584 1577 nullo

226 1604 343 1644 modo
379 1604 485 1644 effici
512 1608 652 1655 potest.
705 1602 978 1643 Subdubitans
1006 1602 1144 1643 Livius
1173 1603 1222 1653 (c.
1250 1606 1312 1655 49,
1344 1606 1433 1654 15):
1476 1604 1580 1652 Qua-

225 1671 411 1722 draginta
437 1671 612 1721 quinque
640 1670 754 1709 milia
780 1669 986 1720 quingenti
1014 1669 1180 1720 pedites,
1208 1669 1286 1709 duo
1304 1670 1416 1709 milia
1433 1671 1581 1722 septin-

224 1738 334 1788 genti
361 1738 515 1787 equites
544 1737 651 1777 caesi
677 1737 703 1776 d
715 1737 729 1776 i
741 1741 891 1776 cuntu
903 1749 922 1776 r
941 1759 989 1763 —
1008 1736 1051 1775 in
1078 1749 1155 1786 quo
1173 1740 1305 1776 tamen
1323 1736 1366 1776 id
1383 1737 1582 1789 miramur,

224 1804 330 1853 quod
370 1816 575 1843 numerum
615 1808 696 1842 tam
741 1807 925 1842 accurate
966 1802 1155 1852 ediderit;
1200 1807 1336 1842 contra
1376 1803 1582 1854 Appianus

222 1872 271 1919 (c.
310 1872 374 1917 25)
412 1874 451 1908 et
484 1869 723 1909 Plutarchus
762 1868 874 1914 (Fab.
912 1868 1015 1907 MaX.
1060 1870 1123 1917 16)
1159 1880 1321 1908 numero
1358 1870 1582 1909 summatim

224 1936 507 1988 comprehenso
550 1937 840 1988 quinquaginta
880 1936 993 1976 milia
1032 1949 1150 1977 caesa
1192 1936 1375 1977 referunt.
1428 1937 1580 1985 Quibus

224 2004 405 2043 omnibus
432 2009 655 2054 repugnant
689 2004 811 2043 verba
844 2004 1005 2054 Polybii
1041 2004 1130 2054 (III,
1169 2006 1252 2054 117,
1288 2004 1350 2053 4):
1384 2001 1443 2050 εἷς
1478 2001 1582 2043 ἑπτὰ

223 2066 418 2121 μυριάδας
445 2067 598 2109 ἔπεσον
623 2064 803 2121 εὐγενῶς,
840 2083 942 2120 quae
970 2070 1131 2121 quidem
1167 2070 1282 2110 nobis
1313 2084 1475 2122 prorsus
1509 2084 1580 2123 pro

223 2138 428 2188 explorato
455 2136 639 2176 habenda
666 2149 753 2176 esse
778 2136 972 2176 videntur.
1026 2137 1129 2176 Nam
1156 2137 1275 2177 nimis
1303 2149 1392 2176 cum
1419 2138 1580 2177 auxisse

224 2215 430 2243 numerum
458 2202 500 2241 in
526 2206 638 2241 tanta
664 2215 705 2241 re
733 2202 966 2252 praesertim
993 2202 1100 2241 haud
1136 2202 1219 2242 fere
1255 2191 1464 2253 quisquam
1498 2204 1579 2242 exi-

221 2271 366 2321 stimet,
394 2269 463 2320 qui
490 2268 743 2320 reputaverit,
772 2280 890 2319 quam
919 2281 997 2308 non
1025 2269 1145 2309 fuerit
1170 2269 1312 2309 levitas
1340 2270 1471 2310 animo
1505 2270 1577 2309 Po-

312 2384 345 2425 1)
371 2382 464 2423 Quae
487 2382 593 2414 verba
613 2384 732 2413 utrum
755 2381 798 2413 ab
821 2381 895 2422 ipso
927 2380 1026 2413 Livio
1060 2380 1215 2419 oriunda,
1248 2391 1291 2413 an
1319 2381 1469 2414 insiticia
1499 2383 1579 2423 sint,

223 2441 312 2474 nihil
334 2441 434 2474 nobis
457 2440 564 2473 refert
571 2452 579 2482 ;
614 2441 643 2472 si
665 2440 755 2473 enim
778 2440 928 2472 insiticia
951 2442 1042 2478 sunt,
1063 2450 1204 2481 prorsus
1228 2443 1342 2472 tamen
1363 2443 1456 2473 recte
1490 2450 1578 2473 com-

223 2503 345 2542 putata
366 2502 520 2542 apparet,
542 2510 628 2542 quae
652 2499 770 2533 Livius
794 2499 996 2542 singillatim
1018 2502 1119 2532 antea
1141 2500 1384 2533 dinumerarat.

312 2559 346 2601 2)
367 2558 462 2591 Unus
484 2558 655 2601 discrepat
677 2558 865 2600 Appianus,
892 2559 952 2600 qui
973 2559 1191 2601 septuaginta
1213 2558 1308 2591 milia
1330 2558 1495 2599 peditum,
1520 2568 1576 2590 sex

223 2619 376 2661 equitum
398 2617 500 2652 fuisse
522 2618 608 2652 dicit
630 2617 753 2660 (Hann.
781 2629 808 2651 c.
837 2619 901 2661 17).
