1824 3009
907 258 958 295 20

257 368 449 421 Polybius
476 380 597 420 supra
622 367 850 407 universum
876 368 1092 408 exercitum
1128 368 1282 408 milium
1318 380 1389 408 sex
1429 372 1468 408 et
1508 373 1612 408 octo-

257 435 369 486 ginta
396 435 520 474 fuisse
539 435 696 474 dixerit.
738 435 848 474 Haec
870 435 993 484 igitur
1013 435 1145 474 omnia
1166 435 1470 486 respicientibus
1488 446 1614 486 paene

257 502 504 554 exploratum
533 501 648 542 nobis
675 505 746 552 081,
778 501 901 541 verba
927 497 985 548 εἷς
1016 499 1195 552 μυρίους,
1239 514 1340 553 quae
1382 514 1497 553 quam
1537 514 1615 542 non

257 570 338 609 sint
364 574 459 620 apta
487 569 574 608 loco
601 568 639 608 ei
676 581 753 618 quo
789 568 1008 618 traduntur,
1047 568 1229 608 docuisse
1269 569 1383 608 nobis
1423 569 1615 618 videmur,

256 634 427 676 locanda
472 646 559 675 esse
599 639 689 686 post
726 634 842 674 haec:
885 629 924 673 οὶ
961 633 995 673 δ’
1026 630 1142 681 ἐκτός
1170 666 1177 674 .
1207 666 1213 674 .
1244 666 1251 674 .
1280 667 1288 674 .
1315 631 1452 687 μάχης.
1505 634 1616 683 Quae

257 714 351 741 vero
378 705 469 752 post
496 697 681 739 ἑάλωσαν
707 697 930 750 μαχόμενοι
956 700 1189 751 exciderint,
1226 701 1275 740 de
1307 714 1356 740 ea
1385 714 1427 740 re
1460 701 1617 741 videtur

258 767 434 807 dubitari
460 779 588 818 posse.
642 766 785 806 Fuisse
812 766 987 817 aliquem
1014 766 1205 806 minorem
1242 780 1447 807 numerum
1481 779 1531 807 ex
1567 779 1613 806 eo

257 835 435 885 colligas,
461 833 569 885 quod
592 833 733 873 Livius
760 837 945 884 quattuor
968 833 1081 872 milia
1110 838 1149 872 et
1176 834 1423 885 quingentos,
1461 835 1617 891 Plutar-¹

257 901 354 941 chus
384 900 496 951 (Fab.
522 900 627 943 Max.
656 913 687 940 c.
722 898 786 950 16)
824 903 1009 951 quattuor
1043 900 1155 939 milia
1192 900 1330 940 edidit.
1384 900 1463 941 Sed
1494 913 1613 951 quum

255 969 320 1007 vel
359 968 531 1007 maxime
570 967 686 1006 nobis
727 967 769 1005 in
808 966 972 1006 dubium
1011 966 1233 1006 vocandum
1273 966 1475 1017 videatur,
1522 979 1614 1006 num

258 1034 416 1075 omnino
434 1034 477 1074 in
494 1047 629 1087 pugna
649 1033 797 1086 captivi
826 1033 922 1074 facti
950 1033 1043 1085 sint,
1069 1033 1262 1074 haudscio
1290 1047 1342 1074 an
1364 1047 1441 1075 non
1468 1034 1614 1074 nimiae

257 1101 451 1141 audaciae
476 1102 530 1142 sit
560 1102 752 1152 conicere,
780 1101 939 1140 omnino
967 1114 1046 1140 non
1074 1100 1279 1141 definitum
1297 1101 1421 1141 fuisse
1441 1102 1615 1152 aliquem

257 1181 473 1220 numerum,
514 1167 586 1209 sed
628 1166 824 1209 eiusmodi
870 1166 967 1218 quid
1008 1179 1095 1209 esse
1135 1168 1324 1220 scriptum
1364 1181 1389 1208 a
1426 1168 1613 1220 Polybio:

256 1231 478 1285 μαχόμενοι
512 1235 587 1285 μὲν
624 1230 805 1274 ἑάλωσαν
846 1228 1005 1281 οὐδένες
1041 1257 1090 1261 —-
1125 1235 1209 1274 sive
1250 1228 1375 1285 ὀλίγοι
1410 1258 1468 1285 -,
1503 1231 1543 1273 οἱ
1578 1235 1612 1273 δ’

258 1298 372 1349 ἐκτὸς
399 1301 512 1349 ὄντὲς
534 1303 606 1355 τῆς
634 1297 772 1353 μάχης,
800 1298 859 1348 εἰς
884 1300 1064 1352 μυρίους.

360 1369 446 1407 13111
476 1368 529 1407 3(1
555 1381 615 1419 03,
646 1380 748 1418 quae
777 1367 916 1408 Livius
942 1367 992 1407 (10
1019 1367 1083 1406 1118
1111 1367 1228 1407 rebus
1256 1367 1400 1418 retulit,
1426 1380 1497 1407 nos
1522 1379 1611 1407 con-

258 1434 442 1476 feramus.
495 1435 535 1475 Is
569 1434 693 1486 igitur
728 1435 839 1475 illam
875 1447 1045 1485 manum,
1084 1447 1202 1485 quam
1235 1434 1436 1486 praesidio
1475 1434 1615 1474 castris

257 1502 437 1543 relictam
461 1501 652 1554 Polybius
683 1506 828 1553 narrat,
856 1502 972 1542 initio
1000 1514 1088 1541 cum
1115 1501 1267 1552 reliquo
1286 1501 1462 1542 exercitu
1482 1513 1612 1552 egres-

258 1582 344 1609 sam
372 1581 460 1610 esse
487 1574 638 1617 censet;
666 1569 765 1609 dicit
792 1569 898 1610 enim
925 1568 975 1619 (c.
1002 1571 1062 1619 49,
1086 1571 1166 1616 13):
1194 1572 1277 1609 tum
1295 1569 1469 1619 undique
1488 1568 1611 1608 effuse

258 1635 433 1686 fugiunt3
462 1639 614 1687 septem
637 1635 750 1675 milia
775 1635 977 1675 hominum
1005 1634 1047 1673 in
1075 1634 1228 1674 minora
1255 1639 1396 1686 castra,
1420 1634 1556 1675 decem
1574 1635 1615 1674 in

258 1701 421 1753 maiora,
448 1701 527 1742 duo
552 1702 675 1742 ferme
703 1702 745 1741 in
771 1702 904 1743 vicum
940 1701 1071 1753 ipsum
1107 1701 1264 1741 Cannas
1301 1700 1557 1753 perfugerunt
1576 1703 1616 1751 ¹).

259 1768 415 1809 Deinde
442 1773 652 1820 postquam
679 1781 729 1809 ex
757 1768 935 1820 utrisque
963 1769 1104 1808 castris
1132 1768 1313 1819 ssquinque
1347 1768 1469 1808 ferme
1503 1768 1616 1807 milia

260 1835 476 1875 Canusium
493 1826 506 1840 ⁸
520 1836 737 1876 incolumes
776 1840 1039 1887 pervenerunt
1081 1834 1183 1884 (Liv,
1222 1848 1253 1875 c.
1288 1837 1348 1886 50,
1387 1838 1444 1874 11.
1474 1838 1534 1886 52,
1562 1837 1615 1885 4),

258 1902 403 1953 reliqui
430 1914 578 1954 omnes,
607 1903 632 1942 i.
660 1915 693 1943 e.
713 1902 923 1943 duodecim
940 1902 1054 1942 milia
1071 1901 1285 1953 hominum,
1303 1914 1374 1954 per
1391 1902 1615 1954 pactionem

259 1981 370 2009 arma
394 1969 643 2010 tradiderunt
670 1971 718 2017 (0.
749 1972 808 2021 52,
838 1973 872 2010 2.
900 1971 953 2019 4).
1010 1970 1070 2010 Ad
1097 1970 1187 2010 illos
1216 1974 1358 2021 autem,
1386 1970 1455 2021 qui
1483 1969 1610 2009 Canu-

258 2035 362 2076 sium
397 2048 447 2076 ex
483 2037 624 2078 castris
658 2036 936 2088 confugerant,
970 2042 1110 2088 postea
1146 2041 1398 2078 accesserunt
1434 2041 1616 2087 quattuor

258 2102 372 2142 milia
398 2107 438 2143 et
464 2103 680 2155 quingenti,
717 2104 786 2154 qui
823 2116 873 2144 ex
903 2104 992 2155 ipsa
1028 2116 1164 2155 pugna
1199 2104 1328 2156 sparsi
1366 2108 1478 2144 erant
1514 2103 1615 2153 (Liv.

259 2181 291 2209 c.
321 2172 381 2220 54,
416 2169 472 2220 1);
499 2170 633 2221 itaque
662 2170 715 2211 ad
740 2171 878 2212 decem
909 2171 1021 2211 milia
1054 2171 1257 2211 hominum
1294 2171 1458 2211 Canusii
1492 2170 1615 2211 fuisse

259 2235 398 2275 Livius
434 2236 533 2276 dicit
568 2237 618 2286 (c.
656 2240 716 2288 54,
754 2241 788 2276 4.
829 2239 889 2288 56,
920 2240 953 2277 2.
1006 2238 1107 2289 App.
1131 2238 1258 2278 Hann.
1287 2250 1319 2278 0.
1349 2239 1409 2276 26.
1454 2237 1502 2277 cf.
1530 2237 1615 2277 Liv.

258 2315 290 2341 0.
322 2304 381 2352 54,
412 2304 452 2340 6;
482 2302 618 2353 aliqua
644 2304 799 2354 species
827 2304 1046 2343 consularis
1074 2304 1300 2353 exercitus).
1354 2304 1399 2343 Si
1427 2299 1612 2343 vero'Po-

257 2369 390 2419 lybius
418 2368 517 2410 dicit
546 2371 596 2419 (c.
626 2372 709 2420 117,
742 2370 800 2418 3):
842 2369 887 2419 ἐξ
917 2365 1047 2410 αὐτοῦ
1081 2373 1154 2410 τοῦ
1188 2368 1369 2411 κινδύνου
1404 2369 1616 2421 τρισχίλιοι

256 2432 385 2484 μόνον
403 2435 602 2488 διέφυγον,
631 2437 947 2487 praetermisisse
969 2441 1133 2489 tantum,
1158 2451 1237 2478 non
1260 2449 1427 2489 negasse
1445 2437 1613 2487 videtur,

348 2580 380 2621 1)
403 2578 465 2612 cui
487 2580 561 2613 1000
582 2590 661 2613 sane
684 2583 887 2624 repugnant,
913 2591 999 2624 quae
1022 2592 1049 2614 c.
1075 2582 1127 2624 59,
1151 2583 1172 2615 9
1194 2581 1367 2622 dicuntur,
1392 2583 1431 2613 ut
1454 2591 1539 2623 quae
1554 2580 1613 2614 ali-

258 2639 347 2671 unde
372 2642 509 2681 sumpta
532 2639 724 2673 videantur.
