1824 3009
907 194 929 229 7

245 308 383 354 postea
422 307 537 356 nobis
577 309 653 347 erit
692 309 899 359 agendum.
951 308 1015 348 Ad
1054 313 1207 360 tempus
1251 321 1344 348 vero
1383 309 1481 348 satis
1519 308 1594 347 erit

245 371 490 422 significasse
517 375 724 414 nonnullas
750 375 1035 426 indiligentias,
1062 388 1163 426 quae
1190 388 1261 427 per
1284 375 1509 415 universam
1526 375 1591 414 Li-

245 438 404 478 vianam
430 441 694 480 narrationem
711 442 873 481 alterius
891 442 987 482 belli
1005 442 1146 482 Punici
1163 442 1282 481 latius
1300 446 1447 492 patent.
1475 441 1593 481 Velut

245 516 333 544 eum
361 506 534 545 numeris
552 507 763 558 legionum,
782 520 880 558 quos
898 509 1065 559 singulis
1084 508 1323 548 exercitibus
1341 506 1592 559 perlustratis

244 570 382 610 Livius
409 571 546 623 edidit,
573 585 852 625 nonnunquam
878 574 1007 615 minus
1035 574 1271 619 conveniunt
1297 575 1409 626 ipsae
1432 585 1590 614 enume-

243 638 426 679 rationes.
478 639 633 681 Deinde
659 641 855 681 interdum
881 655 960 682 non
988 642 1085 682 satis
1112 642 1247 693 liquet,
1265 646 1395 682 utrum
1412 641 1591 692 legiones

243 705 376 745 nescio
404 719 505 757 quae
531 707 720 747 dimissae
747 720 798 747 an
824 708 1038 759 etiamtum,
1067 712 1110 747 ut
1126 709 1169 747 in
1187 708 1318 758 armis,
1337 708 1379 747 in
1396 708 1590 747 rationem

242 771 490 813 inducendae
517 774 606 813 sint.
657 773 807 814 Rursus
835 774 885 813 de
912 775 1003 814 aliis
1031 775 1167 825 copiis,
1203 787 1296 813 num
1323 774 1480 813 omnino
1519 786 1591 824 pro

241 837 463 887 legionibus
490 838 780 889 adnumeratae,
808 844 876 878 aut
903 843 1007 879 certe
1035 844 1129 889 quot
1154 840 1330 890 legiones
1357 839 1589 878 adnumera-

242 907 306 943 tae
333 904 422 955 sint,
449 905 695 956 exploratum
721 919 799 945 non
827 910 896 946 est.
948 906 1122 956 Insignis
1159 910 1290 945 autem
1325 905 1590 947 inconstantia

241 975 406 1020 apparet
433 971 475 1009 in
502 971 552 1010 iis
579 972 813 1022 legionibus,
839 972 981 1021 quibus
999 972 1041 1011 in
1058 972 1255 1022 Hispania
1270 972 1417 1010 bellum
1434 975 1588 1021 gestum

241 1039 311 1075 est.
363 1036 445 1077 Eae
472 1037 577 1077 enim
604 1038 655 1077 ab
682 1038 797 1078 initio
824 1038 919 1078 belli
945 1050 1069 1089 usque
1096 1038 1149 1078 ad
1176 1051 1321 1078 annum
1349 1039 1422 1076 543
1447 1050 1483 1077 a.
1501 1050 1537 1077 u.
1557 1050 1590 1077 c.

241 1115 319 1142 non
346 1104 388 1143 in
414 1117 605 1144 summam
632 1104 833 1155 copiarum
860 1104 1123 1144 Romanarum
1149 1104 1375 1155 adscriptae
1403 1108 1504 1154 sunt,
1537 1105 1589 1143 ab

239 1170 309 1209 illo
337 1182 440 1209 anno
467 1174 567 1209 sunt.
612 1169 739 1216 Quam
765 1170 1069 1209 inconstantiam
1092 1170 1281 1209 scientem
1299 1174 1339 1209 et
1356 1169 1588 1220 prudentem

241 1235 452 1276 admisisse
480 1235 637 1275 Livium
665 1248 715 1275 ex
741 1247 788 1275 eo
816 1235 992 1286 colligas,
1021 1236 1127 1285 quod
1153 1236 1223 1275 illo
1250 1247 1353 1275 anno
1380 1235 1514 1275 missis
1548 1235 1590 1274 in

240 1301 474 1352 Hispaniam
504 1306 543 1341 et
575 1302 692 1342 claris
726 1301 1027 1352 imperatoribus
1066 1305 1105 1340 et
1144 1301 1411 1341 subsidiorum
1446 1312 1590 1351 magno

239 1380 400 1409 numero
427 1368 594 1420 impigre
621 1369 767 1408 bellum
795 1368 1104 1419 redintegratum
1127 1373 1187 1408 est
1204 1368 1410 1419 magisque
1429 1367 1589 1418 indies,

239 1435 471 1484 praesertim
511 1447 630 1485 quum
670 1438 787 1486 capta
823 1433 959 1485 Capua
995 1434 1037 1473 in
1073 1434 1191 1473 Italia
1227 1434 1459 1474 consisteret
1493 1445 1586 1484 quo-

241 1500 448 1541 dammodo
475 1501 632 1552 bellum,
660 1513 723 1541 res
737 1501 1021 1552 Hispanienses
1048 1501 1181 1541 oculos
1208 1501 1439 1551 animosque
1463 1500 1585 1541 homi-

238 1579 331 1607 num
357 1568 399 1606 in
426 1579 469 1607 se
496 1571 777 1607 converterunt.
825 1566 905 1606 Sed
931 1579 1123 1617 nusquam
1151 1579 1200 1607 ne
1227 1567 1392 1606 minima
1424 1566 1585 1617 quidem

238 1633 475 1685 significatio
502 1633 609 1687 Livii
634 1634 788 1685 legitur,
811 1646 890 1685 qua
916 1633 965 1673 de
993 1646 1114 1674 causa
1139 1634 1260 1674 aliam
1285 1633 1478 1674 rationem
1495 1637 1587 1674 ante

239 1713 383 1740 annum
413 1703 499 1752 543,
527 1701 647 1740 aliam
672 1705 811 1753 postea
837 1705 993 1741 secutus
1021 1701 1082 1740 sit.
1125 1701 1248 1740 Immo
1274 1700 1353 1740 sibi
1380 1701 1466 1752 ipse
1494 1712 1584 1740 eon-

238 1768 343 1808 scius
370 1759 542 1807 mutatae
564 1768 728 1807 rationis
754 1780 832 1807 non
858 1767 1014 1807 videtur
1040 1768 1174 1807 fuisse.
1220 1767 1325 1815 Quin
1352 1780 1583 1807 commemo-

237 1835 334 1874 ratis
361 1834 514 1874 duobus
542 1833 794 1886 Scipionibus
822 1834 900 1885 (25,
928 1836 962 1885 3,
990 1834 1030 1885 6)
1059 1856 1105 1861 —
1136 1835 1203 1885 qui
1230 1846 1467 1885 quamquam
1503 1834 1584 1873 iam

236 1901 329 1941 inde
355 1902 406 1941 ab
432 1913 535 1941 anno
564 1903 637 1940 537
664 1901 707 1940 in
733 1902 929 1952 Hispania
955 1901 1146 1942 exercitui
1172 1905 1392 1952 praeerant,
1429 1913 1585 1952 semper

235 1971 366 2007 tamen
392 1967 435 2006 in
460 1967 746 2018 perlustrandis
774 1968 1015 2008 exercitibus
1036 1967 1304 2020 praetermissi
1322 1971 1411 2007 sunt
1429 1989 1476 1993 —
1496 1966 1584 2006 fieri

236 2047 314 2074 non
332 2038 461 2086 potest
479 2034 574 2085 quin
592 2034 712 2075 etiam
729 2035 943 2086 legentium
956 2035 1078 2075 animi
1094 2034 1391 2075 confundantur.
1417 2034 1584 2074 Prorsus

236 2101 341 2140 enim
357 2104 522 2153 apparet
548 2122 598 2128 —-
625 2100 732 2151 quod
757 2101 861 2141 infra
886 2101 1119 2153 videbimus,
1147 2101 1194 2141 ef.
1221 2114 1258 2153 p.
1285 2102 1346 2140 48.
1374 2102 1435 2139 49.
1463 2121 1512 2127 -
1541 2100 1585 2140 in

235 2180 395 2208 numero
421 2168 538 2208 trium
568 2172 606 2208 et
632 2169 775 2219 viginti
801 2169 1011 2220 legionum,
1039 2181 1155 2219 quem
1181 2168 1302 2208 tradit
1327 2167 1463 2208 Livius
1490 2167 1515 2206 1.
1544 2168 1584 2217 1.,

235 2234 370 2284 copias
399 2233 629 2285 Scipionum
656 2247 734 2273 non
760 2246 848 2274 esse
874 2234 1151 2274 adnumeratas
1168 2234 1209 2283 ¹).

337 2299 499 2340 Praeter
515 2299 744 2351 pontificum
762 2304 893 2341 autem
910 2300 1086 2351 annales,
1104 2312 1154 2340 ex
1172 2299 1314 2351 quibus
1333 2310 1381 2338 ea
1398 2298 1581 2349 maxime,

235 2378 336 2416 quae
362 2366 477 2406 initio
504 2367 811 2417 uniuscuiusque
838 2367 932 2407 anni
958 2367 1124 2418 legimus
1152 2366 1202 2406 de
1229 2365 1468 2405 exercitibus
1505 2366 1580 2405 Ro-

323 2508 354 2551 1)
377 2508 487 2541 Aliter
509 2510 622 2541 censet
644 2508 946 2550 Weissenbornius,
977 2509 1035 2552 qui
1057 2518 1112 2542 eas
1141 2508 1255 2552 copias
1281 2517 1345 2551 pro
1375 2506 1507 2540 duabus
1537 2506 1581 2540 le-

231 2567 393 2611 gionibus
418 2568 454 2601 in
476 2568 609 2604 ratione
631 2567 736 2604 ducit.
