1824 3009
915 242 966 279 44

258 362 439 397 auctores
470 379 513 385 —
544 357 704 397 Livium
731 356 902 396 maxime
931 378 977 383 —
1007 357 1187 407 legimus,
1216 357 1615 408 nobispercensendi

258 428 349 463 sunt
372 423 668 474 videndumque
692 428 763 474 est,
792 436 884 463 num
913 436 1031 474 quam
1061 427 1208 463 certam
1235 423 1427 463 rationem
1440 414 1615 463 'Romani

258 491 299 529 in
326 490 552 540 legionibus
577 490 731 530 numeri
771 490 909 530 ordine
950 489 1135 530 notandis
1176 490 1303 530 secuti
1340 490 1430 529 sint.
1483 491 1534 529 Et
1573 490 1616 529 id

258 555 419 607 quidem
444 556 564 596 facile
591 557 794 597 intellectu
823 561 894 607 est,
920 557 1078 596 initium
1105 569 1172 596 eos
1198 556 1343 596 fecisse
1370 556 1616 607 numerandi,

258 623 310 662 iis
337 623 458 662 etiam
484 623 740 675 temporibus,
766 623 910 673 quibus
937 624 1001 662 vel
1027 623 1222 674 plurimae
1248 623 1388 674 copiae
1415 623 1457 662 in
1493 623 1615 662 armis

258 694 381 740 erant,
409 703 434 728 a
459 689 614 730 duobus
642 690 916 730 consularibus
959 689 1200 729 exercitibus
1229 711 1274 716 —
1302 689 1488 729 nimirum
1522 690 1617 740 quia

258 760 350 795 ante
378 756 479 796 illud
505 757 654 796 bellum
681 756 780 796 duos
807 756 966 796 omnino
994 756 1191 796 exercitus
1210 755 1394 796 binarum
1415 757 1616 807 legionum

258 822 332 861 sub
360 822 588 862 consulibus
618 822 840 862 emiserant.
894 821 1158 870 Quamobrem
1185 822 1368 862 omnibus
1401 822 1484 863 fere
1517 822 1616 863 locis

257 889 398 928 tertiae
421 889 584 929 decadis
609 889 813 940 Livianae,
851 889 995 940 quibus
1032 893 1217 940 quattuor
1248 890 1400 941 primae
1435 891 1613 941 legiones

258 960 622 1007 commemorantur,
649 956 733 996 sive
769 957 997 996 consulares
1035 957 1120 996 sive
1158 956 1348 996 dictorias
1386 969 1454 997 eas
1490 957 1614 997 fuisse

258 1022 534 1072 cognoscimus
553 1024 593 1069 1).
645 1023 762 1062 Velut
790 1025 850 1073 22,
878 1025 939 1073 27,
980 1023 1026 1061 10
1059 1022 1266 1062 dictatoris
1301 1023 1517 1063 exercitum
1554 1023 1612 1062 di-

257 1088 386 1127 visum
413 1099 501 1127 esse
528 1086 668 1127 Livius
696 1091 839 1127 narrat.
893 1090 954 1138 24,
994 1090 1055 1138 36,
1088 1090 1113 1126 4
1152 1088 1282 1139 prima
1311 1088 1418 1139 legio
1457 1101 1506 1128 ea
1544 1092 1615 1139 est,

258 1166 361 1203 quae
388 1154 542 1193 consuli
566 1154 755 1193 Marcello
782 1175 831 1181 —
854 1154 966 1193 cuius
993 1153 1043 1193 de
1071 1154 1247 1193 exercitu
1277 1158 1337 1193 est
1365 1176 1412 1181 -
1440 1155 1482 1193 in
1515 1154 1614 1194 Sici-

257 1220 354 1259 liam
381 1219 635 1259 submittitur.
690 1222 751 1269 25,
784 1222 841 1270 14,
870 1222 892 1258 6
920 1219 1039 1259 tertia
1064 1219 1170 1271 legio
1199 1220 1331 1260 Fulvii
1355 1221 1491 1262 Flacci
1524 1234 1612 1261 con-

258 1286 357 1325 sulis
385 1290 455 1325 est.
509 1288 569 1336 27,
598 1287 632 1336 2,
661 1288 682 1323 7
709 1286 838 1336 prima
864 1290 904 1325 et
930 1287 1048 1325 tertia
1084 1287 1191 1337 legio
1228 1287 1402 1327 consulis
1438 1286 1616 1327 Marcelli

258 1352 477 1393 exercitum
504 1351 693 1392 efficiunt.
741 1353 801 1404 27,
831 1355 891 1404 41,
920 1356 954 1392 9.
984 1355 1045 1404 42,
1070 1355 1091 1391 2
1119 1353 1287 1405 primam
1317 1358 1356 1394 et
1379 1354 1536 1394 tertiam
1561 1355 1614 1395 le-

258 1420 415 1470 gionem
453 1420 591 1458 consul
624 1419 734 1458 Nero
770 1419 899 1458 habet.
953 1419 1068 1466 Quod
1108 1420 1158 1459 de
1199 1419 1399 1460 Cannensi
1440 1421 1616 1460 exercitu

258 1486 398 1538 prima,
426 1484 612 1536 secunda,
639 1485 758 1525 tertia
783 1485 888 1536 legio
916 1485 993 1537 (22,
1024 1488 1083 1537 53,
1114 1489 1146 1537 1,
1172 1485 1214 1537 2)
1252 1491 1615 1538 commemorantur,

257 1565 478 1604 repugnare
504 1552 666 1592 minime
694 1552 862 1603 videtur,
883 1565 1140 1604 quaecunque
1160 1565 1232 1593 eae
1250 1554 1427 1604 legiones
1446 1554 1614 1605 fuerunt,

258 1641 306 1647 —
335 1618 443 1670 quod
470 1631 565 1658 sane
591 1619 818 1671 perspicere
845 1631 924 1659 non
951 1631 1158 1670 possumus
1188 1634 1258 1669 —;
1288 1632 1381 1660 nam
1406 1620 1612 1661 universus

257 1685 455 1725 exercitus
486 1685 705 1724 Cannensis
733 1685 953 1724 consularis
980 1685 1067 1736 fuit,
1104 1697 1178 1725 nec
1216 1677 1443 1736 quisquam*
1458 1690 1616 1737 praeter

259 1752 358 1792 duos
387 1752 569 1792 consules
597 1764 687 1791 cum
713 1751 880 1802 imperio
908 1752 949 1791 in
977 1752 1048 1791 illa
1075 1765 1211 1803 pugna
1237 1752 1323 1792 fuit.

362 1821 447 1860 Iam
475 1818 657 1859 nonnulli
683 1819 762 1858 loci
788 1819 903 1859 nobis
922 1819 1163 1871 respiciendi
1181 1823 1283 1871 sunt,
1302 1819 1445 1870 quibus
1463 1820 1615 1872 primae

256 1888 435 1937 legiones
462 1899 542 1926 non
569 1886 795 1925 consulares
825 1885 951 1924 fuisse
981 1886 1200 1925 videantur.
1250 1887 1368 1925 Velut
1398 1888 1458 1936 22,
1487 1888 1547 1935 57,
1583 1888 1607 1924 8

257 1953 414 2004 legione
445 1952 614 1993 classica
641 1975 690 1981 —
718 1963 767 1990 ea
793 1951 898 2002 legio
925 1952 1043 1991 tertia
1066 1956 1160 1991 erat.
1202 1952 1330 2000 Quum
1348 1955 1479 1991 autem
1496 1951 1614 2002 plane

258 2019 511 2070 perspicuum
538 2018 601 2068 sit,
628 2030 707 2056 non
730 2030 847 2067 posse
874 2017 976 2057 hanc
1013 2017 1180 2058 eandem
1213 2030 1300 2058 esse
1337 2022 1455 2068 atque
1491 2018 1629 2074 illam,¹

259 2085 372 2125 cuius
398 2084 588 2135 reliquias
615 2084 666 2123 ab
691 2084 822 2135 Appio
850 2083 1019 2124 Claudio
1046 2084 1205 2125 tribuno
1232 2085 1402 2125 militum
1429 2084 1615 2125 collectas

259 2163 347 2191 esse
388 2150 473 2190 Liv.
516 2163 547 2190 c.
589 2152 649 2200 53,
682 2152 704 2187 2
743 2151 1073 2201 commemoravit,
1114 2151 1173 2190 sic
1210 2150 1461 2191 statuendum
1501 2150 1616 2190 nobis

258 2217 426 2267 videtur,
454 2228 574 2267 quum
601 2216 681 2255 iam
707 2216 926 2255 consularis
954 2217 1151 2257 exercitus
1181 2217 1312 2257 nullus
1349 2220 1532 2268 exstaret,
1564 2216 1614 2257 de

259 2285 414 2335 integro
441 2296 520 2334 eas,
549 2296 650 2334 quae
678 2287 919 2335 supererant,
948 2284 1083 2335 copias
1118 2285 1292 2325 numeris
1326 2287 1481 2324 notatas
1517 2295 1616 2334 esse,

259 2352 316 2391 ita
341 2355 384 2391 ut
410 2351 589 2402 legiones
617 2351 792 2390 urbanae
832 2350 960 2401 prima
1004 2355 1043 2390 et
1083 2350 1268 2402 secunda,
1302 2352 1408 2403 legio
1447 2350 1616 2391 classica

258 2419 378 2459 tertia
403 2419 524 2459 fieret.

350 2561 381 2602 1)
404 2561 538 2604 Polybii
558 2563 715 2604 τέταρτον
743 2560 974 2605 στρατόπεδον
1002 2562 1169 2606 Scipionis
1200 2562 1346 2596 consulis
1378 2561 1484 2594 fuisse
1511 2571 1613 2604 supra

257 2622 304 2664 (p.
332 2624 383 2663 11,
409 2622 439 2662 1)
462 2621 530 2654 iam
553 2620 868 2655 demonstravimus.
