1824 3009
913 245 959 281 12

261 368 346 395 sam
380 368 468 396 esse
501 357 646 407 retulit,
680 357 871 408 Polybius
908 360 1044 397 contra
1080 355 1172 407 (111,
1205 359 1267 408 40,
1308 357 1371 406 14)
1405 357 1538 397 dixit:
1565 354 1614 396 τὰ

259 420 332 471 μὲν
358 424 416 475 τῷ
451 422 627 475 Ποπλίῳ
667 421 1027 474 προκεὴειρισμένα
1067 420 1397 474 στρατόπεδα
1426 454 1435 463 .
1465 453 1474 462 .
1504 453 1513 462 .
1553 422 1611 472 ἐξ·

259 487 507 528 απέστελλον
534 494 574 530 et
598 495 755 542 postea:
782 483 883 529 ἄλλα
909 490 954 530 δὲ
979 487 1163 541 συνάγειν
1181 522 1190 530 .
1210 522 1218 530 .
1238 522 1246 530 .
1267 521 1274 530 .
1316 490 1427 539 Quae
1453 490 1613 541 quidem

259 556 382 596 verba
407 557 568 608 Polybii
594 557 725 597 minus
752 562 937 598 accurate
964 558 1072 598 dicta
1097 570 1186 598 esse
1213 558 1401 608 censebit,
1430 557 1497 608 qui
1515 557 1614 596 duos

259 623 367 663 locos
394 623 584 663 Livianos
611 624 841 676 respexerit.
886 623 988 664 Nam
1014 624 1185 676 primum
1212 623 1372 675 quidem
1399 635 1533 664 rursus
1553 634 1611 663 re-

259 689 519 739 grediendum
547 694 607 730 est
632 690 685 730 ad
710 691 834 731 verba
859 691 931 731 illa
956 692 1060 743 (cap.
1091 692 1174 740 17):
1202 691 1325 742 „duas
1343 689 1520 741 legiones
1536 690 1612 730 Ro-

259 768 397 795 manas
426 755 560 795 Gallia
585 757 793 807 provincia
818 756 992 808 habuit“,
1020 770 1121 809 quae
1148 770 1226 798 non
1253 761 1344 809 apte
1380 746 1487 797 dicta
1526 768 1613 796 esse

258 823 328 863 illo
354 824 442 864 loco
460 836 581 875 supra
598 824 679 864 iam
698 825 1100 866 commemoravimus.
1135 824 1475 873 Quemadmodum
1492 824 1614 875 igitur

258 894 350 929 ante
375 890 560 941 vidimus,
585 891 895 931 deminutionem
913 892 1117 943 copiarum
1134 891 1334 942 Scipionis
1352 902 1423 941 per
1441 895 1612 929 errorem

257 956 427 1006 positam
455 968 543 996 esse
569 969 640 1007 pro
667 957 817 997 auxilio
844 961 983 1008 postea
1004 958 1046 997 in
1065 957 1239 997 Galliam
1256 957 1390 1006 misso,
1416 956 1475 995 sic
1493 955 1613 995 etiam

258 1022 412 1061 duabus
438 1022 520 1062 illis
546 1023 772 1073 legionibus
800 1028 981 1063 statum
1009 1023 1216 1063 Galliae
1255 1027 1370 1074 post
1408 1022 1525 1061 miss
1539 1034 1612 1061 um

258 1088 346 1127 sub
375 1086 525 1127 Atilio
560 1089 814 1129 auxilium
851 1094 956 1129 recte
993 1089 1209 1140 significari
1244 1092 1439 1140 putamus,
1477 1088 1536 1127 ita
1570 1091 1614 1127 ut

257 1154 357 1194 haec
383 1166 539 1205 quoque
567 1156 690 1195 verba
716 1156 759 1195 in
785 1156 944 1207 fontem,
973 1168 1089 1206 quem
1117 1156 1187 1196 illo
1215 1155 1345 1207 capite
1372 1158 1530 1195 secutus
1554 1158 1614 1194 est

257 1219 409 1271 Livius,
436 1220 617 1261 immixta
644 1221 736 1261 sint.

361 1287 473 1326 Alter
498 1299 592 1327 vero
618 1288 741 1339 locus,
770 1300 847 1339 quo
875 1289 1071 1329 sententia
1088 1289 1169 1339 illa,
1194 1288 1293 1328 duas
1313 1287 1471 1327 omnino
1489 1286 1611 1336 legio-

257 1365 327 1392 nes
354 1353 396 1391 in
424 1352 559 1392 Gallia
585 1353 720 1404 fuisse,
748 1354 1010 1404 confirmatur,
1037 1354 1231 1405 reperitur
1269 1366 1300 1393 c.
1337 1355 1398 1403 63,
1438 1354 1495 1402 15,
1536 1364 1613 1401 quo

256 1419 344 1458 loco
371 1418 471 1458 duas
498 1419 676 1470 legiones
704 1420 777 1459 sub
804 1420 927 1460 Atilio
945 1420 1070 1461 fuisse
1089 1420 1226 1460 Livius
1244 1420 1362 1471 plane
1381 1422 1420 1459 et
1437 1417 1613 1458 dilucide

221 1518 228 1526 .
257 1485 366 1524 dicit.
419 1484 551 1532 Quare
578 1490 647 1525 aut
673 1498 745 1536 per
771 1499 952 1536 errorem,
980 1491 1049 1525 aut
1074 1498 1146 1537 per
1172 1485 1465 1536 neglegentiam
1496 1484 1611 1535 Poly-

255 1550 364 1590 bium
390 1549 439 1588 τὰ
468 1547 726 1601 στρατόπεδα
753 1552 903 1592 dixisse
931 1565 1003 1604 pro
1031 1564 1110 1592 una
1136 1552 1293 1603 legione
1328 1550 1539 1591 statuimus
1573 1553 1612 1589 et

255 1617 497 1657 Mommseno
525 1619 772 1668 assentimur,
800 1619 869 1668 qui
884 1618 912 1665 1)
932 1631 1050 1658 unam
1068 1619 1265 1669 legionem
1281 1617 1392 1668 prius
1410 1616 1483 1655 sub
1502 1616 1611 1654 Man-

258 1683 325 1733 lio,
366 1683 534 1723 alteram
567 1683 712 1724 deinde
746 1684 819 1724 sub
859 1684 983 1724 Atilio
1023 1685 1066 1723 in
1107 1683 1282 1724 Galliam
1320 1683 1483 1722 missam
1525 1693 1612 1722 esse

260 1754 404 1790 censet.
1575 1759 1583 1765 ·
1674 1743 1676 1745 ’

359 1814 493 1867 Scipio
520 1820 729 1871 postquam
758 1816 937 1858 Gnaeum
964 1818 1124 1857 fratrem
1159 1829 1247 1857 cum
1284 1816 1458 1855 maxima
1496 1820 1609 1867 parte

256 1882 452 1922 exercitus
469 1882 501 1932 2)
529 1883 571 1922 in
598 1882 835 1934 Hispaniam
862 1884 971 1924 misit
996 1883 1097 1934 (Liv.
1125 1897 1157 1923 c.
1186 1885 1245 1933 32,
1274 1883 1326 1933 3),
1354 1883 1493 1934 ipsessa
1511 1882 1604 1921 duo-

255 1949 328 1988 bus
357 1949 606 1999 praetoribus
634 1949 800 1990 duarum
834 1951 1034 2001 legionum
1073 1950 1248 1990 exercitu
1289 1952 1452 1999 accepto
1492 1960 1610 1998 quam

256 2015 459 2055 celerrime
486 2019 640 2067 poterat
666 2016 719 2056 ad
737 2016 890 2056 Padum
910 2015 1112 2057 contendit
1128 2019 1167 2055 et
1188 2014 1333 2055 deinde
1352 2027 1440 2055 cum
1459 2014 1608 2054 Hanni-

255 2081 346 2120 bale
374 2080 428 2120 ad
455 2081 639 2121 Ticinum
667 2083 753 2122 acie
781 2082 971 2122 conflixit.
1025 2083 1119 2121 Post
1163 2082 1238 2121 hoc
1278 2081 1471 2132 proelium
1512 2081 1612 2120 alter

256 2147 393 2187 consul
421 2146 688 2199 Sempronius,
717 2148 785 2199 qui
814 2149 1018 2190 etiamtum
1041 2149 1081 2188 in
1102 2148 1243 2189 Sicilia
1261 2151 1356 2198 erat,
1374 2148 1417 2187 in
1437 2146 1610 2190 Africam

255 2214 503 2264 traiecturus,
532 2215 670 2266 copias
698 2227 790 2254 suas
819 2228 907 2254 cum
933 2215 1121 2267 Scipione
1149 2214 1352 2255 coniunxit
1378 2213 1478 2263 (Liv.
1498 2226 1530 2253 c.
1550 2215 1610 2264 51,

257 2283 368 2320 5—7.
408 2281 491 2321 Pol.
526 2280 596 2332 ΙΙΙ,
633 2280 713 2330 68).
767 2281 954 2332 Sequitur
996 2294 1130 2333 pugna
1170 2281 1223 2321 ad
1264 2279 1453 2320 Trebiam
1492 2279 1609 2319 facta.

254 2348 316 2387 Ex
343 2359 422 2398 qua
446 2346 618 2387 mediam
638 2351 790 2387 tantum
808 2348 935 2388 aciem
954 2349 1217 2388 Romanorum
1235 2346 1408 2386 maxima
1426 2357 1476 2385 ex
1496 2350 1607 2396 parte

345 2495 377 2537 1)
403 2495 443 2527 R.
466 2495 504 2528 G.
529 2495 573 2527 1⁶
597 2506 630 2537 p.
654 2496 729 2528 595.

344 2553 377 2593 2)
400 2552 471 2585 Pol.
493 2552 553 2591 111,
578 2554 630 2594 56,
655 2554 674 2587 5
697 2556 732 2587 et
756 2554 933 2597 Appianas
957 2554 1097 2597 Hispan.
1121 2565 1148 2588 c.
1183 2554 1223 2586 14
1256 2564 1388 2587 omnem
1417 2553 1604 2587 exercitum

256 2611 393 2644 missum
418 2611 582 2646 referunt.
