1824 3009
915 246 964 285 42

368 357 564 408 Legiones
591 357 775 408 urbanas,
803 357 902 408 quas
931 368 1035 397 anno
1063 356 1138 395 547
1157 356 1363 398 'Claudius
1391 357 1497 398 Nero
1533 371 1623 398 con-

267 425 415 465 fecerat
442 424 521 475 (27,
550 426 612 475 35,
643 424 718 476 12),
745 436 824 476 quo
844 427 1019 476 tempore
1038 424 1144 465 Nero
1164 424 1217 466 ad
1235 425 1428 466 auxilium
1447 426 1624 477 collegae

265 491 469 531 ferendum
500 492 644 531 Senam
672 491 872 542 profectus
902 496 974 542 est,
1006 492 1176 532 Manlius
1214 493 1408 532 Acidinus
1448 493 1490 532 in
1532 492 1622 532 Um-

264 559 390 597 briam
418 558 532 598 duxit
558 560 605 604 (c.
634 559 695 609 43,
723 560 758 597 9.
783 557 845 608 50,
873 559 908 608 6,
939 560 990 606 8).
1045 558 1156 606 Quae
1184 562 1315 600 utrum
1339 563 1429 612 post
1452 559 1622 600 reditum

265 626 454 666 dimissae
481 638 687 676 novaeque
714 626 756 665 in
783 627 913 665 locum
940 638 1075 665 earum
1103 626 1350 678 conscriptae
1384 627 1464 667 sint
1500 627 1623 677 (quod

263 694 498 744 poposcerat
523 690 630 732 Nero
657 692 718 743 27,
744 692 806 742 43,
833 689 875 742 9)
906 704 957 731 an
984 692 1057 732 sub
1082 692 1203 732 armis
1231 693 1459 745 manserint,
1484 706 1623 745 parum

264 764 373 811 patet
400 772 450 799 ex
477 759 612 809 Livi03
640 760 724 798 veri
744 764 876 798 tamen
896 759 1066 799 similius
1084 759 1253 810 videtur,
1271 773 1416 800 novum
1432 760 1621 801 dilectum

264 826 412 866 factum
440 838 518 866 non
553 837 653 877 esse,
694 838 815 876 quum
854 825 1010 877 legione
1051 825 1190 878 Capua
1229 827 1394 867 Romam
1432 827 1623 868 arcessita

264 894 342 943 (27,
369 893 432 943 43,
460 893 501 941 8)
524 892 622 933 satis
650 892 843 943 praesidii
870 897 975 932 esset
1003 905 1073 944 per
1110 893 1212 933 illud
1246 898 1411 944 tempus,
1447 906 1524 944 quo
1560 906 1621 934 ur-

263 960 390 1000 banus
415 960 613 1000 exereitus
639 959 788 999 aberat.
828 959 908 999 Sed
932 963 1018 999 utut
1046 960 1146 1000 haec
1172 972 1236 1000 res
1258 972 1345 1000 sese
1363 960 1493 1012 habet,
1521 973 1623 1012 quae

263 1041 367 1067 anno
396 1030 470 1066 548
493 1028 536 1067 in
564 1028 662 1066 urbe
681 1027 839 1066 fuerunt
857 1027 1049 1077 legiones,
1071 1031 1223 1067 aestate
1240 1028 1336 1066 anni
1353 1030 1428 1067 549
1448 1028 1490 1067 in
1506 1029 1621 1068 Etru·

263 1095 363 1135 riam
389 1095 536 1135 missae
566 1098 668 1145 sunt,
695 1106 797 1145 quae
823 1094 1031 1146 provincia
1054 1093 1169 1135 Livio
1194 1094 1416 1135 Ariminum
1441 1094 1622 1146 digresso

263 1162 413 1203 nudata
438 1167 525 1202 erat
552 1161 633 1213 (28,
661 1163 723 1213 46,
754 1162 829 1211 13).
871 1163 917 1201 In
946 1174 995 1201 ea
1021 1162 1166 1202 deinde
1193 1162 1399 1214 provincia
1422 1174 1547 1212 usque
1566 1161 1618 1202 ad

262 1229 412 1270 exitum
436 1229 532 1269 belli
560 1229 670 1269 fuere
696 1228 776 1280 (29,
808 1230 864 1280 13,
899 1231 929 1268 1.
956 1230 1016 1280 30,
1047 1231 1080 1280 l,
1108 1231 1142 1269 7.
1168 1231 1229 1281 27,
1258 1231 1291 1269 5.
1318 1228 1381 1281 41,
1410 1229 1462 1280 3).

369 1296 626 1336 Consularem
654 1297 872 1336 exercitum
899 1309 1003 1335 anno
1023 1298 1097 1336 550
1117 1297 1381 1347 conscriptum
1400 1296 1478 1346 (29,
1505 1298 1562 1346 13,
1584 1299 1620 1345 1)

264 1367 402 1402 contra
425 1362 690 1402 Hannibalem
714 1361 756 1400 in
782 1361 949 1402 Bruttiis
974 1374 1173 1414 pugnasse
1201 1367 1336 1403 narrat
1369 1362 1508 1403 Livius
1542 1362 1621 1413 (29,

265 1432 326 1480 36,
354 1432 378 1468 4
406 1429 518 1479 sqq.).
571 1429 800 1479 Insequenti
829 1442 932 1469 anno
959 1417 1072 1469 itemN
1090 1430 1309 1470 consularis
1343 1430 1419 1470 fuit
1453 1434 1493 1469 et
1527 1442 1620 1469 non-

262 1497 374 1537 nulla
401 1496 451 1536 de
477 1508 524 1536 eo
552 1501 907 1537 commemorantur
933 1497 1010 1547 (30,
1043 1499 1101 1548 19,
1134 1497 1180 1536 10
1208 1495 1309 1548 sqq.)
1351 1496 1509 1538 Deinde
1528 1508 1621 1537 vero

262 1565 381 1616 plane
406 1564 506 1604 nihil
532 1565 612 1604 iam
640 1564 690 1605 de
719 1577 766 1604 eo
790 1564 1025 1615 invenimus,
1064 1564 1379 1615 censendumque
1421 1569 1492 1615 est,
1532 1577 1621 1604 eum

263 1631 472 1670 dimissum
499 1643 598 1682 esse,
626 1635 834 1682 postquam
863 1631 1063 1670 Hannibal
1092 1643 1141 1670 ex
1176 1631 1295 1671 Italia
1327 1631 1509 1671 decessit.
1560 1631 1621 1670 De

263 1697 326 1747 iis,
355 1710 456 1747 quae
485 1698 526 1737 in
554 1698 722 1738 Bruttiis
757 1698 960 1738 etiamtum
997 1702 1277 1748 remanserunt,
1311 1697 1535 1749 legionibus
1573 1698 1621 1738 cf.

263 1774 384 1812 supra
407 1776 444 1813 p.
473 1765 532 1802 39.

367 1829 564 1880 Legiones
591 1830 766 1870 urbanae
792 1830 887 1869 anni
916 1832 987 1868 551
1019 1829 1097 1880 (30,
1118 1833 1153 1880 2,
1173 1829 1212 1879 6)
1233 1831 1351 1881 paulo
1370 1835 1459 1881 post
1483 1831 1617 1871 dimis—

263 1907 331 1934 sae
356 1895 541 1934 videntur
567 1907 678 1944 esse;
717 1907 796 1934 non
820 1895 925 1933 enim
953 1895 1201 1945 reperiuntur
1225 1899 1384 1945 postero
1408 1907 1511 1934 anno
1538 1894 1618 1945 (30,

264 1959 344 2010 27),
369 1964 409 2000 et
437 1972 540 2000 anno
578 1961 652 1999 553
689 1973 812 2000 novas
852 1972 939 2000 esse
978 1960 1221 2011 conscriptas
1261 1959 1528 2011 intellegimus
1570 1974 1619 2002 ex

264 2027 349 2066 Liv.
379 2028 441 2076 30,
466 2029 528 2076 41,
554 2028 588 2064 9.

250 2108 253 2110 ¹
366 2092 617 2132 Enumeratis
645 2092 882 2143 legionibus,
911 2104 1012 2142 quae
1038 2092 1080 2131 in
1098 2092 1217 2132 Italia
1235 2091 1455 2143 Siciliaque
1474 2092 1619 2132 bellum

262 2164 470 2211 gesserunt
496 2160 575 2199 iam
612 2164 761 2199 restant
794 2171 876 2208 eae,
914 2171 1015 2210 quae
1053 2159 1095 2199 in
1127 2159 1314 2200 Sardinia
1350 2163 1389 2198 et
1425 2159 1622 2210 Hispania
1678 2165 1680 2167 '

263 2226 431 2267 fuerunt.

368 2294 414 2332 In
458 2292 683 2332 Sardiniam
723 2297 865 2342 autem,
903 2298 945 2332 ut
978 2293 1019 2331 in
1061 2292 1254 2342 Siciliam,
1289 2293 1369 2331 iam
1403 2304 1507 2330 anno
1542 2294 1615 2330 537

263 2360 400 2411 copias
429 2359 573 2398 missas
601 2370 688 2398 esse
716 2358 906 2409 Polybius
935 2359 1025 2408 (III,
1057 2360 1117 2409 75,
1145 2357 1186 2408 4)
1214 2362 1253 2398 et
1279 2357 1485 2408 Appianus
1515 2359 1564 2405 (c.
1580 2359 1619 2404 8)

262 2430 436 2476 narrant,
475 2438 576 2476 quae
613 2425 699 2475 fuit,
735 2425 769 2464 si
804 2425 889 2464 Liv.
918 2427 978 2475 23,
1007 2426 1067 2474 34,
1100 2426 1146 2462 13
1172 2437 1260 2464 eum
1290 2426 1350 2474 24,
1382 2427 1439 2473 11,
1467 2425 1489 2461 2
1515 2436 1617 2463 eom-

262 2504 459 2544 paramus,
487 2491 592 2542 legio
620 2504 710 2542 una,
739 2492 802 2531 cui
832 2503 934 2531 anno
963 2492 1037 2529 539
1065 2490 1191 2531 altera
1216 2489 1375 2530 adiecta
1412 2494 1482 2530 est.
1535 2490 1617 2530 Eae

263 2558 408 2600 deinde
436 2558 539 2599 duae
568 2558 745 2610 legiones
771 2570 895 2608 usque
930 2558 983 2597 ad
1017 2570 1163 2598 annum
1196 2559 1282 2607 548,
1317 2569 1394 2607 quo
1428 2556 1617 2597 dimissae

263 2631 355 2668 sunt
381 2626 460 2678 (28,
495 2628 551 2677 10,
584 2627 657 2678 14),
682 2627 723 2666 in
752 2627 882 2666 insula
909 2629 1190 2666 remanserunt.
1231 2625 1278 2664 In
1305 2636 1469 2675 quarum
1486 2624 1616 2665 locum
