1824 3009
861 178 909 218 19

208 293 309 344 lybii
336 292 466 340 insita.
519 290 604 330 Hoc
630 291 754 340 igitur
788 290 824 338 si
858 294 1037 329 constare
1073 293 1268 340 putamus,
1308 291 1562 341 septuaginta

209 358 322 397 milia
346 358 389 396 in
416 368 551 408 pugna
578 355 777 395 Cannensi
804 367 922 408 caesa
945 366 1045 406 esse,
1063 355 1183 395 facile
1201 356 1453 406 acquiescere
1471 370 1561 408 pos—

210 435 344 465 sumus
370 424 412 463 in
437 423 512 462 hac
538 422 746 473 sententia,
773 421 932 462 Livium
957 422 1224 462 narrationem
1250 422 1446 463 eiusmodi
1473 436 1560 463 esse

209 495 396 541 secutum,
423 502 524 540 quae
552 489 736 541 scriptori
765 489 941 528 Romano
967 489 1098 529 minus
1124 489 1322 529 horrenda
1350 490 1561 542 videretur,

210 557 356 608 quippe
383 557 452 606 qui
478 556 542 595 vel
568 555 630 594 illi
658 566 819 595 numero
847 555 969 594 multo
997 555 1141 595 minori
1169 568 1258 596 cum
1285 557 1421 606 aliqua
1448 556 1560 596 dubi-

208 622 356 662 tatione
379 622 640 674 „dicuntur
664 620 795 662 caesi“
821 621 1032 662 addiderit.

313 690 571 728 Vehementer
594 693 727 728 autem
754 688 989 728 offendimus
1017 690 1058 728 in
1082 689 1145 739 iis,
1180 701 1282 739 quae
1315 690 1435 740 paulo
1467 695 1559 730 ante

207 755 314 808 apud
340 755 551 807 Polybium
577 756 761 806 leguntur
787 754 891 807 (117,
920 756 982 805 3):
1019 754 1062 794 ἐκ
1090 754 1135 794 δὲ
1160 756 1242 795 τῶν
1269 756 1404 806 πεζῶν
1438 753 1559 806 μαχό-

207 836 320 871 μενοι
343 820 417 871 μὲν
439 818 620 861 ἑάλωσαν
647 819 705 868 εἷς
730 820 911 871 μυρίους,
944 818 981 860 οἳ
1010 821 1045 860 δ’
1066 820 1180 868 ἐκτός
1205 815 1318 869 ὄντες
1335 824 1407 874 τῆς
1423 822 1561 875 μάχης.

208 888 311 928 Nam
338 901 453 928 nemo
477 888 561 928 fere
587 888 663 928 erit
692 888 789 938 quin
814 888 987 939 miretur,
1015 901 1185 938 quonam
1202 893 1378 941 tempore
1397 894 1466 929 aut
1484 903 1560 941 quo

207 956 294 995 loco
322 956 364 994 in
390 956 462 994 illa
487 967 637 1008 pugna¹
660 954 798 994 decem
829 955 942 994 milia
981 955 1182 995 hominum
1221 957 1312 1007 capi
1351 957 1561 1008 potuerint.

209 1022 332 1060 Immo
360 1033 410 1060 ex
436 1021 628 1071 omnibus,
656 1033 757 1071 quae
784 1020 835 1060 de
862 1033 910 1060 ea
935 1021 1083 1060 tradita
1109 1026 1211 1073 sunt,
1238 1027 1414 1073 apparet,
1442 1036 1559 1073 quam

207 1088 391 1128 atrociter
416 1092 633 1140 pugnatum
659 1088 712 1128 sit
738 1092 963 1139 quantaque
990 1087 1133 1128 caedes
1161 1088 1308 1139 ubique
1327 1088 1457 1140 fuerit,
1486 1102 1559 1129 nec

208 1166 373 1205 usquam
402 1176 444 1182 —
476 1159 516 1194 et
541 1155 604 1194 vel
630 1155 791 1194 minime
820 1155 862 1193 in
900 1155 1027 1206 ipsius
1061 1155 1220 1207 Polybii
1256 1157 1481 1196 narratione
1510 1180 1560 1185 —

209 1220 291 1259 ulla
317 1220 464 1259 mentio
488 1219 543 1271 fit,
585 1220 774 1260 maiorem
813 1220 982 1260 militum
1023 1232 1182 1260 manum
1221 1221 1262 1260 in
1303 1221 1392 1273 ipsa
1426 1235 1561 1274 pugna

179 1282 311 1326 'hosti
337 1299 424 1327 sese
462 1287 676 1327 dedidisse.
729 1288 868 1337 Itaque
906 1287 1028 1327 multo
1068 1288 1239 1327 minores
1279 1294 1370 1327 sunt
1409 1291 1559 1329 numeri

208 1354 419 1405 Plutarchi,
445 1355 514 1404 qui
539 1359 723 1404 quattuor
748 1354 870 1404 milia,
901 1358 941 1393 et
970 1354 1088 1405 Livii,
1116 1355 1185 1405 qui
1211 1356 1290 1394 tria
1315 1356 1428 1395 milia
1445 1357 1555 1407 pedi-

209 1424 302 1471 tum,
330 1420 438 1460 mille
467 1421 701 1471 quingentos
728 1421 881 1471 equites
910 1424 1046 1472 captos
1073 1433 1161 1461 esse
1187 1421 1309 1461 tradit
1326 1422 1377 1472 (c.
1396 1425 1456 1473 49,
1481 1423 1557 1473 18),

208 1498 256 1524 ne
284 1485 349 1524 hic
378 1486 538 1535 quidem
564 1486 711 1525 omissa
734 1498 830 1525 voce
857 1486 939 1536 illa,
965 1498 1066 1535 quae
1093 1486 1352 1526 dubitationis
1378 1487 1556 1527 videtur:

209 1552 447 1592 dicuntur
473 1556 599 1604 capta.
626 1575 676 1580 —
702 1552 785 1591 Iam
811 1564 936 1604 paene
965 1556 1113 1592 certum
1138 1552 1307 1604 videtur,
1332 1555 1455 1594 verba
1483 1555 1555 1594 illa

210 1619 365 1671 Polybii
391 1618 609 1671 depravata
637 1631 739 1668 esse;
771 1619 931 1659 minime
960 1619 1065 1659 enim
1091 1624 1196 1659 recte
1223 1620 1327 1660 inter
1356 1633 1399 1660 se
1435 1634 1556 1673 oppo-

208 1686 286 1725 sita
314 1690 404 1726 sunt
429 1681 648 1735 μαχόμενοι
676 1684 749 1735 μὲν
774 1717 782 1725 .
813 1717 821 1725 .
849 1717 857 1725 .
884 1683 943 1732 εἷς
968 1684 1182 1736 μυρίους
1211 1718 1218 1725 .
1247 1718 1255 1725 .
1276 1718 1284 1726 .
1312 1683 1350 1725 οἳ
1378 1687 1414 1726 δ’
1442 1684 1557 1734 ἐκτὸς

206 1751 329 1798 ὄντες.
369 1752 492 1792 Immo
518 1764 703 1791 numerus
729 1752 875 1802 aliquis
899 1756 1150 1803 exspectatur
1177 1764 1324 1803 eorum,
1352 1753 1421 1803 qui
1444 1758 1557 1793 extra

207 1830 381 1870 pugnam
407 1818 514 1870 capti
539 1818 628 1858 sint.
681 1816 759 1865 Qui
787 1816 934 1857 fuerint
960 1821 1090 1858 autem
1119 1814 1157 1856 οὶ
1192 1815 1306 1865 ἐκτὸς
1343 1811 1467 1870 ὄντες,
1505 1832 1556 1859 ex

207 1885 270 1937 iis,
299 1898 402 1936 quae
426 1889 642 1936 sequnntur
669 1885 710 1934 (ξ
730 1887 751 1923 7
770 1885 872 1935 sqq.)
901 1884 1103 1925 discimus.
1144 1884 1342 1925 Maximus
1371 1898 1556 1926 numerus

207 1951 283 1991 fuit
308 1963 454 2002 eorum,
482 1963 580 2002 quos
617 1950 819 2002 praesidio
856 1951 997 1990 castris
1031 1951 1223 1990 Aemilius
1263 1951 1426 1991 Paullus
1464 1956 1555 1992 ante

207 2030 380 2068 pugnam
407 2018 630 2068 reliquerat,
658 2017 739 2068 qui,
765 2018 801 2056 si
827 2021 980 2068 tempus
1008 2017 1131 2068 daret,
1170 2017 1211 2056 in
1243 2021 1374 2058 castra
1407 2018 1555 2057 Hanni-

207 2084 309 2124 balis
335 2085 523 2136 impetum
550 2084 749 2134 i'acerent3
775 2095 940 2134 quorum
958 2083 1037 2123 duo
1055 2084 1166 2123 milia
1184 2096 1311 2135 caesa,
1339 2088 1425 2124 octo
1443 2084 1556 2124 milia

207 2155 325 2202 capta
350 2155 451 2191 sunt.
497 2150 700 2190 Accedunt
729 2149 807 2190 duo
831 2150 953 2201 milia,
981 2162 1082 2201 quae
1102 2149 1258 2190 Cannas
1287 2148 1373 2199 (ἐπὶ
1391 2147 1437 2188 τοὶ
1456 2148 1556 2188 κατὰ

205 2214 280 2269 τήν
305 2213 438 2268 χώραν
464 2213 640 2267 ἐρύματα
666 2216 821 2268 Polyb.)
857 2216 1125 2268 confugerant,
1157 2217 1226 2256 ubi
1265 2217 1316 2256 ab
1356 2217 1556 2267 equitibus

206 2284 391 2325 Numidis
431 2284 686 2337 circumventi
718 2288 810 2323 sunt
849 2283 916 2323 (cf.
943 2283 1029 2324 Liv.
1057 2296 1089 2323 c.
1117 2286 1177 2334 49,
1209 2286 1282 2331 13).
1336 2284 1554 2324 Universus

206 2350 328 2400 igitur
345 2362 528 2390 numerus
546 2361 693 2400 eorum,
712 2361 810 2400 quos
830 2353 964 2401 captos
983 2361 1071 2389 esse
1088 2349 1277 2400 Polybius
1301 2349 1555 2400 demonstrat,

205 2416 342 2457 decem
371 2417 523 2457 milium
549 2415 635 2455 fuit.
673 2416 758 2455 Iam
787 2416 904 2467 plane
922 2416 1174 2467 perspicuum
1193 2420 1263 2466 est,
1282 2428 1360 2456 non
1378 2417 1554 2467 potuisse

204 2483 456 2534 septuaginta
480 2482 593 2521 milia
619 2481 800 2532 interfici,
825 2481 961 2522 decem
987 2482 1100 2521 milia
1125 2482 1167 2521 in
1192 2482 1283 2533 ipsa
1311 2495 1458 2533 pugna,
1486 2483 1553 2522 de-

204 2561 289 2589 cem
315 2553 405 2601 post
428 2561 601 2601 pugnam
625 2548 726 2600 capi,
755 2548 833 2588 tria
864 2548 975 2588 milia
1007 2548 1111 2588 elabi
1144 2548 1192 2599 (c.
1226 2549 1308 2600 117,
1338 2550 1390 2600 3),
1429 2562 1548 2600 quum
