1824 3009
907 169 952 204 21

252 283 353 323 alios
380 285 537 333 praeter
562 279 632 319 illa
660 280 737 319 tria
763 279 876 319 milia
901 279 943 318 in
972 283 1102 319 castra
1132 280 1311 331 primum,
1340 279 1424 319 sive
1444 281 1606 331 maiora,

254 350 340 388 sive
367 348 530 396 minora,
558 346 703 385 deinde
732 346 945 385 Canusium
972 346 1129 396 elapsos
1157 358 1254 385 esse.
1308 345 1425 393 Quod
1458 346 1606 397 Appia-

254 426 328 455 nus
355 424 510 464 quoque
536 411 658 452 tradit
678 411 823 460 (Hann.
842 424 874 451 c.
900 411 979 463 26),
998 423 1235 463 quamquam
1252 413 1376 452 multa
1396 413 1487 464 alia,
1506 426 1607 464 quae

254 482 324 521 illo
351 481 437 519 loco
463 480 644 530 legimus,
672 478 802 518 minus
821 479 1058 518 conveniunt
1076 491 1165 518 cum
1184 478 1354 518 Liviana
1370 480 1607 520 narratione.

255 549 309 590 Ut
335 547 456 598 igitur
483 559 604 586 unum
630 546 672 585 in
700 547 831 586 locum
858 558 1057 598 cogamus,
1082 557 1187 596 quae
1202 544 1252 586 de
1272 544 1606 598 Cannensiexer-

254 616 334 655 citu
362 627 433 665 pro
460 617 566 653 certo
593 613 708 652 nobis
730 612 914 652 habenda
938 613 1157 663 videantur,
1185 613 1284 652 haec
1311 612 1393 652 fere
1421 617 1527 652 sunt:
1554 613 1608 652 ad

254 679 506 732 septuaginta
531 679 642 717 milia
670 690 797 730 caesa,
823 678 960 724 decem
986 679 1099 719 milia
1126 682 1242 730 capta
1271 682 1373 729 sunt,
1400 678 1453 717 ad
1470 678 1607 719 decem

255 747 367 786 milia
394 745 607 785 Canusium
634 744 865 796 effugerunt.

355 812 440 852 Iam
458 811 589 863 ‘igitur
614 824 661 851 eo
687 811 949 863 pervenimus,
977 824 1027 852 ex
1055 824 1131 863 quo
1159 824 1208 852 ea
1233 811 1311 864 via,
1341 824 1459 863 quam
1477 811 1605 852 adhuc

254 879 379 920 secuti
405 890 551 928 sumus,
579 878 838 928 relinquenda
870 879 985 919 nobis
1021 882 1091 929 est,
1125 878 1291 930 proinde
1328 891 1375 918 ac
1408 878 1505 918 belli
1539 891 1604 929 ge-

254 944 367 986 rendi
396 944 513 997 plane
548 944 629 984 alia
664 944 763 985 ratio
800 957 849 985 ex
887 944 957 985 illo
998 949 1173 997 tempore
1216 944 1302 985 fuit.
1354 943 1606 996 Singularum

254 1013 360 1053 enim
383 1006 451 1052 aut
475 1011 658 1051 binarum
684 1012 885 1062 legionum
912 1011 1108 1051 exercitus
1137 1024 1208 1063 per
1234 1024 1277 1052 se
1303 1012 1411 1063 ipsos
1437 1024 1520 1051 rem
1538 1024 1603 1063 ge-

254 1083 384 1120 rentes
410 1079 452 1119 in
476 1078 596 1119 armis
624 1091 695 1130 per
720 1078 863 1119 multos
891 1091 1015 1131 annos
1043 1078 1217 1127 fuerunt3
1246 1090 1458 1130 eorumque
1487 1090 1606 1130 quum

255 1148 565 1197 uniuscuiusque
599 1147 761 1198 propria
797 1147 987 1186 memoria
1023 1151 1161 1197 exstet,
1203 1147 1379 1198 singulos
1419 1147 1606 1198 deinceps

253 1214 533 1266 perlustremus
561 1217 725 1265 oportet.
767 1212 855 1262 Qua
881 1213 923 1253 in
952 1226 1005 1265 re,
1033 1218 1075 1254 ut
1102 1213 1183 1253 iam
1210 1226 1334 1266 supra
1359 1213 1508 1254 dictum
1535 1218 1606 1263 est,

253 1281 409 1320 initium
422 1281 536 1320 nobis
551 1280 787 1332 capiendum
799 1281 875 1320 erit
888 1281 1224 1332 alegionibus
1241 1280 1271 1320 C
1283 1293 1468 1320 annens
1480 1280 1606 1320 ibus.

358 1348 436 1388 Eas
464 1348 585 1399 igitur
611 1347 718 1389 haud
745 1349 867 1389 multo
893 1352 983 1400 post
1001 1348 1157 1389 cladem
1173 1347 1424 1389 Cannensem
1443 1348 1605 1389 Marcel-

255 1416 316 1455 lus
356 1414 510 1466 accepit
545 1414 647 1465 (Liv.
683 1417 744 1466 22,
781 1419 840 1466 57,
877 1417 912 1455 8.
941 1417 1001 1466 23,
1031 1416 1091 1467 25,
1121 1417 1155 1455 7.
1184 1428 1215 1455 c.
1245 1417 1305 1466 31,
1334 1416 1387 1462 4).
1440 1415 1607 1456 Adiecta

254 1482 305 1522 iis
332 1486 391 1522 cst
417 1486 456 1522 et
482 1482 589 1533 legio
616 1482 794 1533 classica,
823 1494 924 1532 quac
961 1482 1093 1534 priore
1131 1482 1213 1522 iam
1249 1495 1352 1522 anno
1383 1483 1607 1534 conscripta

255 1562 341 1589 esse
368 1549 524 1589 videtur
551 1548 617 1596 (cf.
644 1549 729 1588 Liv.
755 1551 815 1600 22,
847 1549 904 1599 11,
935 1549 1064 1597 7-9.)
1091 1553 1130 1589 et
1157 1549 1326 1589 fortasse
1352 1561 1444 1600 pars
1472 1550 1607 1600 aliqua

255 1628 444 1655 novorum
464 1616 633 1655 militum
651 1616 1009 1668 supplementorum
1028 1617 1126 1667 loco,
1147 1616 1289 1666 quibus
1307 1616 1485 1667 utrisque
1504 1615 1604 1656 Can-

255 1695 396 1723 nenses
424 1687 466 1722 ut
486 1684 627 1723 robora
644 1683 844 1734 legionum
870 1687 1118 1735 opponuntur
1137 1685 1197 1734 23,
1219 1686 1277 1734 16,
1297 1685 1332 1722 8.
1374 1683 1463 1724 Non
1482 1685 1604 1724 multo

255 1754 387 1790 autem
411 1754 500 1802 post
526 1750 561 1790 is
588 1751 783 1791 exercitus
811 1763 945 1790 rursus
972 1750 1191 1790 disiunctus
1219 1754 1290 1801 est,
1326 1763 1446 1801 quum
1480 1752 1605 1791 atroci

255 1821 415 1857 senatus
443 1818 619 1857 consulto
647 1817 690 1869 ii,
719 1818 787 1869 qui
825 1830 875 1858 ex
909 1818 1022 1858 clade
1062 1817 1260 1858 Cannensi
1297 1817 1527 1869 effugerant,
1562 1819 1604 1858 in

255 1883 434 1923 Siciliam
462 1885 708 1925 mitterentur
735 1885 814 1936 (23,
843 1887 904 1936 25,
931 1887 983 1933 7).
1038 1884 1220 1926 Ceterum
1244 1897 1323 1925 una
1349 1898 1438 1924 cum
1475 1885 1526 1925 iis
1563 1885 1604 1925 in

254 1950 435 1991 Siciliam
447 1956 637 1991 venerunt
650 1964 700 1991 ex
713 1951 817 1992 Iunii
831 1952 1036 1992 dictatoris
1052 1952 1226 1992 exercitu
1241 1952 1309 2002 qui
1323 1951 1477 1991 minimi
1491 1952 1603 1992 robo-

254 2016 308 2056 ris
332 2029 419 2057 esse
443 2017 673 2058 viderentur
687 2019 756 2069 (ib.
771 2020 796 2068 ξ
812 2017 854 2069 8)
869 2019 1049 2070 aliosque
1073 2023 1210 2071 postea
1231 2019 1274 2058 in
1290 2019 1605 2070 supplementum

255 2084 305 2124 iis
333 2085 556 2136 legionibus
584 2085 725 2126 missos
750 2098 837 2125 esse
866 2086 1046 2126 conicere
1073 2086 1177 2126 licet.
1232 2085 1309 2134 Qui
1336 2089 1378 2125 ut
1405 2084 1603 2125 condicio-

255 2151 371 2190 nibus
398 2155 478 2190 tam
506 2152 616 2192 duris
643 2153 722 2204 ipsi
756 2153 936 2192 adstricti
973 2166 1051 2193 non
1087 2157 1208 2204 erant,
1243 2153 1301 2192 ita
1339 2153 1604 2203 compluribus

252 2218 352 2257 locis
380 2218 430 2256 ab
456 2219 537 2258 illis
565 2219 851 2269 discernuntur,
877 2211 985 2258 velut
1012 2220 1073 2270 26,
1105 2223 1137 2270 1,
1162 2222 1196 2258 7.
1226 2222 1271 2257 8:
1299 2219 1392 2258 dum
1421 2232 1469 2258 ne
1488 2232 1604 2269 quem

254 2285 418 2326 militem
446 2287 596 2337 legeret
622 2298 671 2326 ex
698 2298 745 2326 eo
785 2298 958 2337 numero,
998 2286 1141 2337 quibus
1178 2293 1338 2326 senatus
1374 2286 1604 2326 missionem

294 2384 301 2391 .
331 2384 338 2391 .
366 2357 560 2404 negasset.
595 2353 696 2392 Eum
722 2353 845 2404 igitur
872 2353 1089 2393 exercitum
1115 2353 1156 2392 in
1184 2352 1362 2392 Siciliam
1386 2352 1499 2392 duxit
1524 2352 1603 2404 Ap-

254 2419 343 2470 pius
372 2419 562 2460 Claudius
589 2422 669 2471 (23,
696 2423 756 2471 31,
785 2420 847 2470 4);
887 2420 1031 2461 deinde
1058 2421 1130 2461 sub
1163 2420 1285 2461 variis
1327 2420 1494 2461 ducibus
1535 2433 1606 2471 per

254 2486 473 2537 complures
502 2498 625 2526 annos
653 2486 695 2526 in
723 2486 862 2527 Sicilia
888 2487 1084 2527 remansit.
1137 2487 1276 2538 Neque
1304 2491 1435 2526 tamen
1470 2486 1603 2526 militi—

253 2552 327 2593 bus
357 2552 629 2594 Cannensibus
668 2566 897 2595 concessum
930 2553 1088 2594 videtur
1122 2566 1221 2605 esse,
1262 2558 1305 2593 ut
1342 2553 1414 2594 ulli
1453 2554 1605 2605 proelio
