1824 3009
907 251 955 288 38

255 360 439 400 Ceterum
466 359 606 399 eodem
634 360 703 399 1110
730 373 845 410 311110,
874 372 993 410 quum
1021 359 1100 398 iam
1128 358 1280 400 duobus
1314 359 1541 400 consulibus
1569 358 1609 398 in

254 427 403 479 Apulia
429 428 506 466 non
534 439 633 478 opus
653 421 741 466 esse
759 426 971 477 videretur,
990 426 1091 465 alter
1109 426 1245 466 consul
1261 425 1462 477 Sulpicius
1482 425 1611 473 Galba

254 494 296 534 in
323 493 533 534 Graeciam
560 493 602 532 in
631 494 761 533 locum
786 492 938 533 Valerii
956 492 1123 532 Laevini
1151 493 1343 533 successit
1365 492 1442 543 (26,
1469 495 1531 543 22,
1562 492 1610 539 1).

254 561 464 601 Exercitus
489 563 621 599 autem
648 560 734 599 eius
760 558 925 608 duarum
966 559 1167 609 legionum
1206 559 1247 598 111
1287 559 1460 599 Galliam
1497 558 1611 597 initio

255 627 350 666 anni
379 625 625 676 insequentis
652 625 797 664 missus
825 628 885 664 est
910 624 988 675 (26,
1017 625 1078 675 28,
1105 624 1147 674 4)
1175 624 1289 675 isque
1316 624 1461 664 deinde
1487 624 1530 663 in
1563 635 1613 663 03

254 692 464 744 provincia
490 692 564 732 sub
588 692 711 731 variis
738 691 905 731 ducibus
934 703 1060 741 usque
1087 691 1139 730 ad
1165 691 1283 731 finem
1300 692 1396 731 belli
1414 691 1612 730 remansit.

256 760 370 800 Anno
400 761 473 799 547
499 771 658 811 pugnae
686 758 738 798 ad
764 759 986 799 Metaurum
1012 758 1142 799 factae
1169 759 1243 799 sub
1264 751 1405 799 Porcio
1431 762 1612 810 praetore

256 827 436 868 interfuit
462 826 565 876 (Liv.
594 828 655 876 27,
693 830 741 864 46
780 826 892 876 sqq.).
945 826 1060 866 Anno
1099 828 1173 865 553
1213 826 1356 866 iterum
1393 825 1612 865 consularis

255 893 452 932 exercitus
480 892 607 932 factus
636 896 697 931 est
723 890 803 943 (30,
831 894 892 943 40,
925 892 1006 943 16);
1044 905 1117 932 nec
1143 896 1290 944 tamen,
1318 904 1419 943 quac
1448 904 1537 932 cum
1565 903 1612 931 eo

256 959 425 1009 gesserit
450 959 589 998 Aelius
618 960 764 998 Pactus
792 960 940 1008 consul,
968 971 1135 1009 usquam
1159 959 1392 999 invenimus.

360 1025 472 1064 Alter
497 1036 590 1064 vero
619 1025 756 1064 consul
783 1025 878 1064 anni
920 1026 994 1064 543
1035 1025 1108 1064 Gn.
1151 1025 1316 1065 Fulvius
1360 1023 1613 1064 Centumalus

257 1104 346 1132 cum
373 1091 599 1142 legionibus
635 1092 859 1141 insequenti
898 1104 1001 1131 anno
1042 1092 1084 1131 in
1122 1093 1269 1143 Apulia
1307 1090 1506 1141 remansit,
1545 1090 1614 1129 ubi

257 1170 470 1209 oppressus
497 1159 549 1197 ab
564 1158 789 1198 Hannibale
814 1171 903 1198 cum
930 1159 1106 1198 maxima
1133 1163 1245 1211 parte
1276 1158 1478 1210 copiarum
1496 1158 1613 1197 inter-

259 1224 386 1265 fectus
414 1229 474 1265 est
501 1225 603 1274 (Liv.
631 1226 692 1276 27,
724 1227 772 1273 1).
826 1225 886 1264 De
914 1237 963 1265 ea
997 1226 1110 1266 clade
1152 1239 1252 1276 quae
1291 1230 1425 1265 narrat
1465 1225 1614 1275 Livius,

257 1291 400 1331 mirum
426 1292 469 1330 in
496 1291 656 1331 modum
685 1297 904 1342 congruunt
932 1305 1021 1332 cum
1047 1293 1109 1342 iis,
1136 1304 1237 1342 quae
1263 1292 1431 1343 legimus
1468 1291 1519 1331 de
1555 1291 1613 1330 in-

256 1355 378 1397 teritu
403 1358 611 1408 exercitus,
641 1358 705 1398 cui
723 1358 887 1398 Fulvius
907 1358 1074 1398 Flaccus
1102 1363 1260 1409 praetor
1286 1357 1512 1409 praefuerat
1533 1356 1613 1407 (25,

258 1424 334 1471 21).
387 1423 663 1474 Quamobrem,
691 1423 797 1474 quod
824 1436 1106 1474 nonnunquam
1136 1424 1252 1464 Livio
1279 1423 1436 1474 accidit,
1472 1428 1515 1463 ut
1552 1423 1615 1463 bis

258 1489 425 1530 candem
452 1501 535 1529 rem
561 1494 708 1531 temere
726 1490 957 1542 narraverit,
986 1491 1061 1530 hoc
1080 1503 1235 1541 quoque
1253 1491 1340 1531 loco
1358 1490 1506 1531 factum
1524 1502 1612 1530 esse

257 1557 456 1608 putaverit
482 1557 629 1607 aliquis
648 1557 688 1607 ¹).
727 1558 778 1597 Et
805 1569 847 1597 re
866 1570 962 1597 vera
984 1558 1191 1609 Appianus
1213 1558 1345 1598 Fulvii
1369 1557 1614 1609 proconsulis

256 1630 412 1666 tantum
439 1626 593 1665 cladem
620 1631 754 1666 narrat
781 1639 813 1666 c.
841 1628 890 1665 48
914 1627 1048 1677 (qu‘em
1065 1623 1222 1665 ὕπατον
1239 1639 1310 1678 per
1329 1639 1500 1666 errorem
1518 1626 1615 1665 dicit

257 1690 411 1741 fuisse).
458 1691 533 1732 Cui
563 1693 695 1732 tamen
722 1692 942 1732 sententiae
968 1689 1111 1743 graves
1139 1705 1282 1733 causae
1310 1697 1399 1732 sunt
1426 1704 1527 1742 quae
1556 1704 1613 1732 re-

257 1771 436 1811 pugnare
463 1759 658 1799 videntur.
713 1750 818 1799 Nam
844 1764 887 1799 ut
927 1759 1200 1810 concedamus,
1242 1759 1458 1799 exercitum
1499 1772 1615 1811 posse

258 1825 428 1865 eundem
454 1826 579 1867 fuisse
603 1847 652 1853 —-
681 1826 877 1877 nimirum,
906 1826 940 1866 si
969 1826 1156 1866 Flaccum
1182 1830 1404 1878 praetorem
1422 1839 1525 1866 anno
1541 1827 1615 1866 542

259 1892 372 1933 clade
400 1892 587 1933 affectum
623 1906 702 1932 non
743 1905 830 1933 esse
871 1893 1016 1943 aliquis
1057 1897 1215 1943 statuat,
1254 1897 1409 1944 poterat
1450 1893 1615 1933 Fulvius

260 1958 513 1999 Centumalus
544 1959 680 1999 consul
708 1959 931 2009 insequenti
960 1971 1063 1999 anno
1090 1960 1307 1999 exercitum
1332 1959 1418 1999 eius
1434 1959 1615 2010 accipere

260 2048 307 2053 —-
335 2026 378 2065 id
404 2026 527 2076 igitur
553 2030 597 2066 ut
623 2026 899 2076 concedamus,
927 2030 1059 2066 tamen
1086 2039 1136 2066 ex
1163 2026 1226 2076 iis,
1255 2039 1355 2076 quae
1382 2026 1432 2066 de
1460 2026 1613 2066 duobus

258 2091 412 2131 Fulviis
440 2092 706 2143 compluribus
734 2092 833 2132 locis
850 2092 988 2132 Livius
1016 2092 1160 2142 retulit,
1189 2105 1266 2132 non
1294 2092 1463 2132 eundem
1489 2092 1613 2132 fuisse

259 2167 395 2198 casum
414 2159 532 2210 plane
554 2164 728 2210 apparet.
768 2159 871 2199 Nam
890 2172 968 2199 non
993 2160 1120 2199 solum
1139 2159 1317 2199 diversos
1336 2172 1470 2199 eorum
1487 2159 1615 2199 exitus

257 2224 383 2265 fuisse
411 2226 550 2266 Livius
578 2225 820 2266 demonstrat
848 2248 897 2253 —
926 2227 1116 2267 Flaccum
1143 2227 1249 2267 enim
1290 2231 1511 2279 praetorem
1551 2226 1617 2266 (110

259 2292 368 2333 (11οῐ3
395 2293 437 2332 111
472 2293 656 2332 exsilium
691 2293 838 2333 abiisse
876 2293 954 2344 (26,
983 2306 1014 2333 0.
1043 2296 1078 2333 2.
1108 2307 1139 2333 c.
1168 2294 1219 2344 3),
1254 2294 1437 2334 Fulvium
1474 2293 1615 2333 Centu-

258 2360 406 2400 malum
432 2360 707 2411 proconsulem
735 2359 988 2400 interfectum
1016 2373 1103 2401 esse
1130 2365 1264 2400 narrat
1291 2360 1370 2412 (27,
1402 2360 1439 2410 1)
1457 2383 1518 2411 —,
1546 2350 1617 2400 sed

259 2427 379 2466 etiam
407 2439 432 2465 u
446 2430 461 2465 t
475 2439 493 2464 r
506 2426 520 2464 i
531 2439 555 2465 u
570 2439 589 2465 8
605 2439 629 2476 q
645 2439 669 2465 u
686 2439 707 2465 e
736 2438 757 2464 c
772 2439 798 2464 x
814 2438 835 2465 0
850 2439 868 2464 1·
883 2439 904 2465 0
919 2426 962 2465 it
977 2439 1002 2466 u
1017 2439 1035 2466 s
1063 2427 1252 2477 reliquias
1273 2427 1496 2477 legionibus
1515 2426 1614 2466 Can-

350 2569 382 2610 1)
406 2569 460 2602 Sic
483 2581 617 2603 censere
634 2571 776 2605 ,videtur
799 2572 985 2604 Weissenb.
1010 2572 1052 2603 ad
1076 2573 1129 2612 25,
1153 2573 1206 2612 21,
1226 2574 1268 2611 1.,
1290 2573 1348 2613 qui
1370 2572 1503 2604 confert
1519 2583 1547 2604 c.
1568 2574 1616 2613 18,

258 2630 300 2670 3.,
323 2639 391 2671 quo
417 2628 489 2663 loco
514 2632 548 2662 et
572 2630 645 2673 ipso
670 2631 723 2663 bis
747 2630 886 2664 eandem
910 2641 981 2664 rem
1006 2634 1181 2665 narratam
1206 2641 1276 2664 esse
1298 2630 1520 2665 demonstrat.
