1824 3009
798 203 891 268 '31

192 323 265 351 nec
283 310 441 351 omnino
458 314 597 361 postea
613 310 735 349 ullam
752 310 989 350 mentionem
1006 310 1145 351 fecerit
1163 310 1312 362 Livius,
1331 310 1541 351 verisimil-

191 378 328 418 limum
355 381 425 427 est,
453 388 521 416 eas
548 377 641 428 iam,
669 381 879 427 antequam
906 377 956 417 de
983 378 1222 430 exercitibus
1249 382 1288 417 et
1323 377 1541 429 provinciis

191 445 234 485 in
259 448 398 484 senatu
425 448 618 495 ageretur,
645 443 831 484 dimissas
858 456 945 484 esse
975 465 1019 472 —-
1048 444 1126 485 nisi
1149 444 1261 496 forte,
1288 443 1540 495 quemadmo-

192 512 286 551 dum
312 512 432 562 paulo
457 515 548 549 ante
575 511 745 550 Neronis
773 512 968 550 exercitus
995 512 1169 551 maxima
1195 525 1245 551 ex
1271 517 1383 563 parte
1410 513 1452 551 in
1469 512 1539 550 Hi-

191 577 372 628 spaniam
389 576 594 616 traductus
613 580 709 627 erat,
727 576 785 615 ita
801 580 940 627 postea
956 575 1167 616 Claudiani
1186 577 1382 617 exercitus
1400 577 1542 616 robora

191 656 279 683 cum
307 643 493 694 Scipione
528 643 571 682 in
606 643 717 682 illam
751 643 997 694 provinciam
1035 644 1159 684 missa
1198 656 1285 684 esse
1322 644 1541 696 putandum

192 713 261 749 est.
301 709 349 748 Id
376 713 481 748 certe
508 721 585 748 non
608 709 711 748 dixit
729 709 878 760 Livius,
903 709 1103 760 Scipionis
1121 710 1256 761 copias
1272 723 1374 750 novo
1392 710 1540 749 dilectu

191 775 434 826 conscriptas
461 774 596 815 fuisse.

293 842 378 881 Iam
405 841 457 880 ad
485 841 656 881 Gracchi
683 842 898 882 exercitum
936 842 1160 893 transimus,
1200 843 1269 893 qui
1307 855 1357 883 ex
1397 843 1541 893 quibus

190 907 315 958 copiis
344 906 584 958 compositus
611 906 740 958 fuerit,
767 919 889 959 supra
920 907 1284 948 demonstravimus.
1337 908 1540 948 Gracchus

190 974 313 1025 igitur
339 986 442 1013 anno
471 976 544 1012 539
575 974 617 1012 111
636 973 855 1025 Campania
881 978 920 1013 et
945 975 1093 1025 Apulia
1119 976 1196 1025 (23,
1224 976 1388 1013 35—37.
1417 977 1478 1024 48,
1507 977 1541 1013 3.

192 1042 253 1090 24,
284 1041 342 1090 10,
371 1041 405 1078 3.
437 1043 494 1091 ll,
523 1039 586 1091 3.),
614 1040 837 1090 insequenti
865 1040 1010 1080 deinde
1037 1053 1141 1080 anno
1178 1041 1220 1080 in
1256 1040 1417 1080 Samnio
1453 1053 1541 1080 cum

190 1106 368 1145 exercitu
403 1105 490 1157 fuit,
527 1107 595 1146 ubi
633 1120 778 1157 magna
809 1107 977 1147 victoria
1017 1107 1069 1146 ad
1110 1107 1377 1147 Beneventum
1415 1112 1540 1158 parta,

190 1172 414 1222 quicunque
441 1178 672 1224 supererant
700 1185 749 1212 ex
776 1173 995 1224 volonibus,
1039 1185 1107 1213 eos
1146 1173 1328 1214 libertate
1368 1172 1541 1213 donavit.

190 1239 251 1278 Ex
268 1239 446 1280 Lucania
472 1240 628 1292 deinde,
657 1252 736 1291 qua
761 1240 804 1280 in
829 1240 1035 1291 provincia
1061 1253 1132 1292 per
1158 1253 1304 1280 annum
1331 1243 1404 1280 541
1429 1239 1538 1280 vide-

189 1310 252 1344 tur
277 1305 402 1346 fuisse
435 1307 514 1358 (24,
550 1309 612 1358 47,
653 1309 710 1345 12.
752 1307 801 1346 cf.
838 1308 898 1357 25,
938 1309 996 1357 15,
1037 1306 1112 1357 20),
1152 1311 1360 1358 postquam
1401 1306 1540 1358 Capua

190 1371 365 1412 obsideri
392 1376 532 1424 coepta
558 1376 617 1412 est
633 1371 676 1423 ¹),
710 1371 908 1423 profectus
947 1384 1036 1411 cum
1076 1376 1188 1423 parte
1226 1372 1429 1424 copiarum
1468 1384 1539 1424 per

190 1440 391 1480 Lucanum
419 1439 615 1490 quendam
641 1430 820 1491 proditus
848 1444 888 1479 et
913 1439 1143 1480 interfectus
1170 1444 1231 1480 est
1256 1440 1358 1487 (Liv.
1388 1442 1448 1491 25,
1481 1442 1537 1479 15.

192 1507 266 1555 16).
312 1505 434 1546 Cuius
461 1511 585 1546 morte
603 1506 775 1557 perculsi
792 1506 964 1557 volones,
983 1506 1052 1556 qui
1069 1506 1227 1546 nonnisi
1245 1510 1406 1557 propter
1423 1505 1536 1546 ducis

191 1585 364 1613 amorem
390 1573 432 1612 in
459 1573 579 1612 armis
607 1572 660 1612 ad
685 1572 728 1612 id
762 1576 916 1624 tempus
951 1577 1230 1623 remanserant,
1265 1572 1412 1624 dilapsi
1447 1577 1538 1612 sunt

191 1639 240 1687 (c.
269 1642 329 1691 20,
357 1642 410 1689 4).
462 1639 498 1679 Ii
524 1643 666 1690 autem,
694 1639 763 1689 qui
790 1643 945 1691 praeter
971 1639 1132 1679 volones
1158 1640 1201 1678 in
1229 1631 1400 1679 Gracchi
1426 1652 1536 1679 exer-

189 1705 269 1744 citu
296 1706 462 1756 fuerant,
489 1718 587 1756 quos
613 1706 656 1744 in
682 1705 859 1745 Lucania
886 1718 912 1744 a
937 1705 1115 1744 Graccho
1151 1705 1311 1744 relictos
1347 1716 1435 1744 esse
1471 1705 1536 1744 Li-

187 1770 276 1810 vius
307 1771 356 1818 (c.
375 1774 432 1823 15,
449 1772 514 1820 20)
542 1775 830 1822 commemorat,
857 1784 882 1810 a
907 1771 980 1811 Gn.
1000 1769 1183 1810 Cornelio
1211 1774 1418 1820 quaestore
1446 1774 1537 1809 sunt

188 1837 361 1877 abducti.
414 1838 621 1888 Quumque
647 1838 769 1877 multo
803 1837 929 1877 maior
965 1849 1014 1876 ea
1052 1849 1144 1888 pars
1185 1837 1380 1876 exercitus
1420 1841 1536 1887 esset,

187 1904 517 1946 verisimillimum
541 1904 709 1956 videtur,
736 1905 901 1945 Romam
924 1916 1012 1944 eam
1030 1903 1208 1955 rediisse,
1227 1908 1270 1944 ut
1287 1904 1534 1956 supplemen-

186 1972 239 2011 tis
265 1972 424 2023 scriptis
452 1967 619 2011 duarum
644 1972 845 2022 legionum
871 1972 998 2011 iustus
1024 1983 1208 2011 numerus
1236 1970 1364 2010 denuo
1404 1971 1534 2011 effice-

188 2042 305 2077 retur.
358 2038 510 2086 Quodsi
545 2038 682 2078 Livius
720 2038 768 2087 (c.
796 2040 867 2089 ,19,
903 2037 955 2089 4),
995 2050 1072 2088 quo
1111 2038 1197 2077 loco
1238 2037 1287 2077 de
1328 2037 1534 2078 obsidione

189 2103 349 2155 Capuae
375 2106 471 2155 agit,
497 2105 572 2144 hoc
598 2105 714 2144 dicit:
743 2105 905 2155 „procul
932 2108 1165 2154 conspectus
1185 2104 1213 2143 S
1227 2116 1249 2143 e
1264 2116 1341 2154 mp
1355 2116 1410 2142 ro
1424 2116 1451 2142 n
1465 2104 1479 2142 i
1493 2115 1532 2142 a·

187 2182 213 2208 n
227 2182 253 2209 u
267 2182 286 2210 s
314 2183 336 2211 e
350 2183 376 2210 x
391 2183 412 2210 e
427 2170 575 2210 rcitu
589 2183 629 2222 s,
658 2170 722 2211 cui
749 2170 822 2210 Gn.
857 2169 1064 2210 Cornelius
1101 2173 1286 2221 quaestor
1316 2167 1534 2221 praeerat“,

187 2238 413 2289 conicimus,
440 2239 605 2277 Romam
632 2238 767 2288 copias
803 2237 1055 2277 reducturum
1090 2236 1315 2276 Cornelium
1356 2235 1533 2286 Capuam

185 2307 520 2356 praetergressum
545 2316 644 2344 esse.
697 2303 879 2344 Ceterum
915 2303 964 2344 de
1001 2315 1059 2355 eo,
1097 2302 1194 2354 quid
1219 2306 1358 2354 postea
1392 2301 1442 2341 de
1478 2302 1531 2341 le-

186 2369 371 2418 gionibus
398 2370 449 2410 iis
475 2369 676 2410 decretum
702 2370 765 2421 sit,
806 2369 1002 2421 suspicari
1035 2373 1198 2420 tantum,
1237 2369 1398 2408 minime
1438 2382 1533 2409 vero

187 2440 294 2475 certa
318 2437 559 2489 investigare
585 2449 793 2488 possumus
820 2436 884 2485 (cf.
911 2449 948 2487 p.
977 2439 1054 2484 37).

275 2578 305 2621 1)
328 2589 391 2621 „ne
417 2579 647 2613 Beneventum
669 2579 742 2613 sine
763 2578 933 2622 praesidio
956 2579 1075 2612 esset.“
1110 2578 1148 2612 L.
1173 2580 1225 2621 25,
1250 2580 1301 2622 15,
1327 2580 1380 2613 20.
