1824 3009
893 190 941 227 35

243 315 344 353 quae
371 301 531 353 quidem
554 301 677 341 verba
702 312 781 339 non
808 300 980 339 consulis
1008 299 1278 350 declamantis,
1313 300 1384 340 sed
1419 300 1590 340 auctoris

247 369 381 409 nescio
399 368 523 419 cuius,
544 379 660 418 quem
675 366 813 407 Livius
831 366 901 406 illo
923 367 1009 406 loco
1028 371 1184 407 secutus
1202 371 1273 418 est,
1291 366 1475 407 videntur
1492 378 1590 406 esse.

349 436 533 475 Ceterum
551 428 648 486 'post
674 446 848 486 pugnam
887 434 940 473 ad
975 434 1193 474 Metaurum
1232 435 1378 475 factam
1417 434 1590 474 consulis

245 501 461 541 exercitum
488 512 621 540 rursus
649 500 898 539 imminutum
925 511 1012 539 esse
1037 505 1200 551 apparet
1227 513 1277 540 ex
1304 501 1388 540 Liv.
1427 503 1488 551 28,
1532 503 1590 551 10,

248 569 318 618 10.,
344 567 413 607 ubi
439 566 538 607 duas
565 570 717 606 tantum
743 566 920 617 legiones
947 566 1070 606 fuisse
1098 566 1205 606 dicit.
1249 567 1331 607 Eae
1349 568 1471 618 igitur
1489 566 1591 606 duae

243 634 431 684 legiones,
471 637 679 684 postquam
720 644 792 684 per
832 644 977 672 annum
1017 634 1091 670 548
1132 637 1170 672 et
1208 637 1359 684 partem
1393 635 1487 673 anni
1516 637 1589 673 549

247 692 444 740 Caecilius
470 699 651 740 Metellus
679 699 730 739 iis
756 698 939 751 praefuit,
966 699 1125 739 ineunte
1153 699 1281 740 hieme
1308 700 1394 740 eius
1421 701 1515 741 anni
1533 701 1591 741 di-

245 766 390 806 missae
417 770 507 806 sunt
533 765 756 818 pernicioso
783 766 920 806 morbo
947 766 1174 806 imminente
1201 766 1281 818 (29,
1310 769 1369 818 10,
1399 769 1433 806 3.
1464 770 1521 818 11,
1541 768 1592 817 9).

245 834 306 874 De
333 834 466 874 Fulvii
492 837 623 874 autem
648 834 837 884 exercitu,
865 845 981 884 quem
1007 846 1078 884 per
1101 846 1246 873 annum
1266 836 1338 872 547
1358 835 1401 873 in
1419 834 1594 874 Lucania

245 899 369 939 fuisse
397 900 670 950 cognoscimus
698 912 748 939 ex
775 902 835 950 27,
860 902 922 950 42,
955 903 1012 950 17,
1040 899 1137 949 quid
1162 900 1204 939 in
1239 912 1384 939 annum
1419 902 1493 938 548
1526 900 1593 940 de-

248 970 396 1006 cretum
422 966 485 1017 sit,
512 978 563 1005 ex
581 966 696 1006 Livio
714 966 860 1006 frustra
878 966 1114 1016 quaerimus.
1150 966 1320 1006 Omnino
1339 979 1595 1017 quaecunque

246 1032 299 1072 ad
325 1032 530 1073 historiam
556 1033 756 1084 legionum
788 1033 997 1085 pertinent,
1035 1034 1158 1073 multo
1197 1034 1347 1073 minore
1387 1046 1481 1074 cura
1522 1035 1595 1074 sub

246 1100 364 1140 finem
391 1100 488 1140 belli
514 1113 539 1140 a
565 1100 756 1151 scriptore
782 1104 873 1140 sunt
898 1103 1077 1151 tractata,
1104 1112 1223 1150 quam
1248 1100 1446 1152 prioribus
1482 1101 1597 1140 annis

250 1187 297 1193 --
324 1166 509 1205 nimirum
535 1169 579 1205 ut
604 1169 779 1217 tempore
806 1165 933 1217 ipsius
960 1166 1056 1206 belli
1084 1178 1162 1205 non
1189 1166 1270 1206 iam
1294 1167 1460 1218 proinde
1478 1172 1596 1218 atque

247 1236 364 1273 antea
390 1232 564 1272 omnium
590 1232 713 1272 animi
740 1232 793 1272 ad
818 1245 892 1283 res,
920 1245 1022 1283 quae
1047 1233 1090 1272 in
1116 1233 1234 1273 Italia
1263 1222 1510 1285 gerebantur,
1538 1235 1596 1274 in-

246 1300 346 1339 tenti
372 1303 494 1350 erant,
520 1303 610 1351 post
636 1299 746 1339 illam
772 1299 1005 1351 praesertim
1031 1312 1215 1351 pugnam,
1243 1313 1322 1350 qua
1348 1300 1398 1340 de
1421 1301 1596 1341 universi

247 1366 343 1405 belli
369 1370 511 1405 eventu
538 1366 780 1405 decertatum
807 1371 877 1416 est,
902 1366 960 1405 ita
986 1366 1101 1405 Livio
1129 1379 1284 1416 quoque
1321 1367 1450 1406 minus
1485 1367 1595 1407 cordi

247 1432 333 1483 fuit,
360 1432 457 1482 quid
482 1432 650 1483 singulis
668 1432 892 1483 legionibus
911 1432 1096 1472 evenerit.
1138 1431 1320 1472 Ceterum
1338 1432 1388 1473 de
1401 1433 1596 1473 Fulviano

248 1499 423 1538 exercitu
450 1499 646 1549 suspicari
685 1502 789 1538 certe
825 1499 929 1538 licet.
982 1498 1111 1545 Quum
1150 1499 1255 1537 enim
1295 1503 1452 1550 postero
1493 1512 1596 1539 anno

249 1564 358 1614 (548)
385 1565 428 1604 in
454 1564 742 1616 perlustrandis
770 1564 1010 1604 exercitibus
1029 1564 1167 1605 Livius
1199 1566 1277 1616 (28,
1309 1567 1368 1616 10,
1398 1566 1461 1615 15)
1481 1564 1597 1605 Clau-

248 1631 315 1670 dio
343 1631 558 1671 Tarentum
583 1632 828 1681 provinciam
856 1631 1035 1670 evenisse
1054 1630 1173 1681 dicat,
1192 1631 1365 1680 aliquem
1383 1632 1598 1671 exercitum

248 1699 287 1738 ei
306 1698 358 1738 ad
376 1697 620 1748 praesidium
638 1697 747 1737 urbis
766 1696 890 1737 fuisse
908 1696 1159 1737 statuendum
1177 1701 1247 1749 est,
1271 1697 1599 1748 quemadmodum

248 1766 329 1804 iam
355 1768 473 1804 antea
500 1776 589 1804 cum
615 1764 792 1804 exercitu
810 1763 917 1803 idem
936 1763 1127 1803 Claudius
1146 1764 1360 1804 Tarentum
1378 1764 1601 1804 obtinuerat

248 1832 329 1884 (27,
358 1834 419 1883 36,
451 1833 508 1872 13.
536 1833 597 1883 38,
624 1831 677 1880 8).
731 1831 866 1871 Facile
894 1830 1018 1882 igitur
1043 1834 1182 1883 putare
1208 1843 1428 1883 possumus,
1469 1831 1601 1872 Fulvii

249 1900 476 1949 exercitum,
510 1900 702 1938 electione
738 1899 908 1938 Neronis
946 1899 1119 1938 consulis
1160 1898 1212 1937 ad
1248 1911 1366 1937 unam
1404 1899 1600 1948 legionem

250 1964 463 2015 redactum,
491 1964 706 2004 Tarentum
732 1963 955 2003 traductum
981 1975 1069 2003 esse
1088 1962 1128 2014 ยน).

351 2032 437 2071 Iam
463 2030 516 2070 ad
542 2043 609 2070 eos
638 2030 834 2069 exercitus
861 2029 1051 2079 venimus,
1080 2029 1149 2078 qui
1167 2042 1271 2068 anno
1292 2031 1366 2068 540
1385 2030 1599 2080 conscripti

249 2101 351 2147 sunt,-
378 2097 447 2146 qui
474 2096 552 2135 duo
579 2096 737 2135 fuerunt
762 2098 919 2145 praeter
944 2106 1046 2144 eum,
1074 2107 1191 2144 quem
1218 2107 1244 2133 a
1267 2094 1455 2133 Marcello
1485 2107 1596 2134 acce-

249 2167 360 2214 ptum
388 2162 473 2203 sive
505 2162 636 2215 potius
668 2165 868 2213 receptum
898 2172 1019 2212 supra
1051 2159 1105 2212 (p.
1139 2163 1205 2208 23)
1236 2160 1600 2201 demonstravimus.

250 2229 425 2277 Quorum
453 2223 567 2269 alteri
593 2230 663 2269 illo
690 2241 792 2268 anno
820 2228 866 2275 Q.
893 2228 1043 2268 Fabius
1060 2232 1229 2279 praetor,
1247 2228 1471 2278 insequenti
1489 2228 1598 2276 (541)

249 2296 299 2336 M.
339 2297 533 2337 Aemilius
572 2299 730 2348 praetor
769 2294 960 2335 Luceriae
1001 2294 1175 2346 praefuit
1209 2293 1290 2345 (24,
1327 2296 1384 2345 12,
1412 2295 1446 2333 6.
1475 2296 1535 2345 20,
1563 2296 1599 2333 8.

249 2365 311 2413 44,
340 2363 390 2413 2).
442 2364 555 2402 Anno
582 2361 726 2402 deinde
756 2363 841 2416 542,
869 2373 947 2412 quo
973 2364 1032 2401 tot
1058 2373 1171 2401 casus
1212 2359 1370 2399 adversi
1411 2360 1599 2399 Romanis

340 2507 374 2549 1)
398 2505 490 2547 Quae
512 2505 602 2548 legio
624 2503 784 2537 haudsoio
808 2513 851 2535 an
873 2502 980 2536 fuerit
1000 2501 1127 2542 eadem,
1150 2511 1235 2543 quae
1258 2510 1347 2533 anno
1368 2500 1433 2533 549
1447 2500 1483 2532 in
1498 2500 1599 2534 Grae-

248 2565 337 2598 ciam
357 2564 554 2598 transmissa
577 2566 634 2596 est.
668 2562 711 2596 cf.
736 2573 768 2604 p.
793 2563 847 2603 27,
871 2562 900 2595 2.
928 2572 959 2603 p.
984 2561 1037 2594 52.
