1824 3009
906 239 953 275 10

248 345 343 385 belli
370 346 649 388 dimicaturum
677 349 828 389 hostem
855 349 1101 390 credebant.“
1149 351 1202 391 Ut
1228 355 1359 391 autem
1387 350 1603 391 deminutio

245 410 318 450 illa
343 424 505 462 prorsus
532 414 575 453 in
602 413 766 454 dubium
793 415 907 457 nobis
943 415 1123 455 vocanda
1160 416 1349 467 videtur„
1367 417 1425 456 ita
1464 429 1514 456 ne
1554 429 1603 456 33

246 477 406 526 quidem
434 479 651 520 offensione
683 485 838 531 vacant,
879 493 980 531 quae
1019 482 1138 532 paulo
1177 487 1268 533 post
1307 482 1445 522 Livius
1483 482 1601 522 dicit:

248 543 371 593 „duas
407 547 584 599 legiones
616 548 814 589 Romanas
843 581 851 589 .
880 580 887 588 .
916 582 924 589 .
953 581 960 589 .
992 547 1125 589 Gallia
1159 549 1366 602 provincia
1397 550 1602 604 habuit“,

245 616 432 665 quoniam
459 617 534 656 hoc
561 617 648 656 loco
675 616 725 656 de
753 629 802 656 ea
829 629 871 656 re
898 618 1025 656 solum
1062 617 1259 667 agendum
1294 621 1389 668 erat,
1429 621 1601 668 quantae

243 683 383 734 copiae
411 684 480 724 illo
506 688 682 736 tempore
710 684 762 723 ad
780 684 929 724 bellum
945 689 1228 736 apparatae
1247 684 1344 734 sint3
1373 685 1417 724 in
1434 697 1601 735 quarum

242 761 404 789 numero
430 749 569 790 Livius
596 750 717 789 etiam
744 749 967 789 Manlianas
994 750 1085 789 illas
1124 750 1301 801 legiones
1341 750 1466 790 fuisse
1505 751 1601 801 vult,

242 815 341 856 dicit
367 817 474 856 enim
506 817 570 864 „L.
597 817 768 856 Manlius
795 821 955 867 praetor
981 816 1280 856 mittebatur
1307 848 1314 855 .
1345 848 1352 855 .
1382 819 1412 856 .“

344 881 473 929 Quam
501 882 775 922 difficultatem
802 886 845 921 ut
872 881 1143 933 expediamus,
1161 882 1271 933 prius
1290 883 1420 922 locum
1436 882 1598 933 Polybii

241 948 332 1000 (III,
360 948 440 1000 40),
466 949 590 990 alium
618 948 763 990 deinde
791 948 900 989 Livii
928 961 1166 1000 cognoscere
1193 954 1356 1001 oportet.
1407 949 1599 1001 Polybius

240 1015 346 1055 enim
373 1016 398 1055 l.
426 1016 450 1055 l.
478 1015 671 1055 Manlium
698 1028 786 1055 cum
813 1028 893 1055 una
917 1014 1074 1065 legione
1093 1015 1173 1054 iam
1190 1027 1405 1067 occupasse
1426 1014 1598 1055 Galliam

240 1081 350 1133 dicit,
377 1082 610 1134 priusquam
651 1082 833 1123 consules
874 1081 1165 1133 egrederentur,
1205 1082 1311 1132 quod
1350 1082 1499 1123 factum
1538 1087 1599 1123 est

238 1149 400 1188 ineunte
428 1153 579 1189 aestate
608 1148 709 1198 (Pol.
736 1149 807 1199 III,
835 1152 896 1199 41,
927 1150 977 1197 2).
1028 1148 1185 1188 Deinde
1212 1161 1332 1199 quum
1363 1149 1534 1188 Manlius
1570 1161 1595 1188 a

237 1215 332 1255 Bois
359 1228 544 1266 magnam
583 1215 737 1255 cladem
777 1215 1008 1266 accepisset,
1049 1215 1238 1265 legiones,
1279 1228 1380 1265 quae
1418 1215 1597 1267 Scipioni

238 1281 422 1321 decretae
450 1286 572 1332 erant,
601 1281 701 1321 duce
728 1285 922 1332 praetore,
963 1281 1075 1320 cuius
1102 1293 1245 1320 nomen
1285 1282 1476 1332 Polybius
1516 1295 1594 1321 non

238 1346 378 1398 edidit,
415 1347 457 1387 in
495 1346 668 1387 Galliam
708 1347 929 1387 submissae
970 1351 1071 1398 sunt,
1113 1359 1335 1397 novumque
1379 1348 1595 1388 exercitum

237 1413 373 1465 Scipio
401 1414 651 1454 conscribere
679 1414 810 1453 iussus
838 1417 908 1452 est.
948 1412 1108 1453 Similia
1125 1413 1188 1453 his
1206 1418 1413 1453 narrantur
1432 1426 1458 1453 a
1477 1413 1595 1454 Livio

236 1480 318 1533 (21,
346 1480 529 1531 25—26).
581 1480 753 1521 Manlius
781 1480 898 1531 enim,
926 1479 994 1531 qui
1033 1478 1207 1520 nondum
1244 1479 1432 1532 profectis
1470 1481 1595 1521 Roma

238 1548 466 1587 consulibus
494 1560 583 1587 cum
610 1548 786 1587 exercitu
815 1547 987 1586 Galliam
1027 1551 1144 1598 tenet,
1186 1547 1361 1587 Mutinae
1403 1547 1595 1598 coloniae,

238 1627 341 1666 quae
367 1614 409 1654 in
434 1614 611 1667 periculo
639 1619 734 1666 erat,
772 1614 966 1654 auxilium
1007 1615 1157 1655 laturus
1196 1614 1238 1655 in
1277 1613 1446 1655 insidias
1487 1613 1594 1654 cadit

237 1682 489 1731 maximoque
517 1681 754 1720 detrimento
783 1680 955 1719 afficitur
973 1682 1010 1725 ¹).
1065 1680 1139 1719 Cui
1177 1680 1322 1719 deinde
1361 1680 1409 1719 G.
1445 1680 1592 1720 Atilius

239 1752 398 1800 praetor
424 1761 513 1788 cum
540 1748 666 1788 altera
691 1746 848 1798 legione
872 1745 1070 1798 Scipionis
1099 1746 1271 1787 consulis
1299 1746 1477 1788 subsidio
1505 1747 1591 1787 mit-

237 1814 344 1864 titur,
371 1826 593 1863 novamque
621 1813 756 1863 Scipio
783 1813 825 1851 in
852 1813 980 1851 locum
1020 1813 1106 1852 eius
1141 1813 1311 1863 legionis
1346 1814 1592 1864 conscripsit.

234 1881 297 1920 Ex
324 1881 387 1920 his
414 1880 569 1920 duobus
596 1879 706 1930 locis,
734 1891 899 1930 quorum
918 1891 1161 1919 communem
1180 1879 1327 1919 fontem
1344 1879 1468 1920 fuisse
1486 1884 1591 1920 recte

235 1951 368 1987 monet
394 1947 578 1986 Kellerus
589 1947 633 1995 ²),
668 1957 821 1985 summa
847 1944 1019 1984 efficitur
1059 1945 1175 1985 hacc:
1217 1945 1385 1996 primum
1426 1949 1590 1996 constat,

234 2012 425 2052 Manlium
451 2012 612 2052 ineunte
639 2014 791 2051 aestate
811 2009 984 2051 Galliam
1008 2011 1087 2051 iam
1107 2024 1195 2051 cum
1213 2010 1413 2063 praesidio
1435 2011 1587 2052 obtinu-

234 2080 326 2129 isse,
353 2079 499 2118 deinde
526 2078 743 2118 exercitum
769 2078 855 2117 eius
883 2078 969 2117 sive
996 2090 1076 2117 una
1102 2078 1188 2117 sive
1216 2078 1369 2117 duabus
1388 2077 1587 2128 Scipionis

233 2145 459 2197 legionibus
487 2148 645 2184 auctum
673 2156 771 2184 esse.
801 2165 849 2171 -—
879 2143 1031 2191 Quodsi
1057 2144 1156 2184 haec
1179 2147 1286 2184 certa
1303 2148 1404 2194 sunt,
1430 2144 1511 2183 iam
1530 2155 1587 2183 re-

232 2216 433 2251 vertamur
459 2211 512 2250 ad
538 2222 597 2260 ea,
625 2222 726 2259 quac
755 2222 876 2260 supra
900 2210 1003 2249 dixit
1030 2210 1170 2249 Livius
1197 2210 1249 2258 (c.
1271 2210 1359 2258 17):
1388 2210 1590 2260 „Scipioni

232 2277 363 2317 minus
391 2277 596 2328 copiarum
623 2275 771 2326 datum,
800 2275 895 2326 quia
920 2275 964 2314 L.
992 2276 1163 2315 Manlius
1193 2306 1200 2314 .
1228 2307 1235 2313 .
1263 2306 1270 2314 .
1291 2306 1298 2313 .
1327 2274 1588 2316 mittebatur.“

324 2435 355 2478 1)
382 2435 441 2469 Bis
463 2436 605 2469 eandem
636 2446 708 2470 rem
731 2454 773 2460 —
796 2437 818 2469 i.
854 2447 882 2470 3.
919 2437 1084 2479 impetum
1119 2437 1154 2470 in
1190 2436 1355 2471 Manlium
1387 2436 1516 2471 factum
1545 2455 1586 2461 —

232 2504 372 2527 narrare
392 2495 529 2528 Livium
552 2496 589 2528 in
612 2496 789 2537 capite'25
812 2497 904 2529 recte
928 2496 1027 2529 nobis
1047 2495 1159 2529 dicere
1190 2496 1325 2530 videtur
1360 2496 1394 2529 C.
1427 2496 1582 2536 Peter,

234 2551 373 2593 „Livius
396 2552 467 2585 und
490 2552 672 2596 Polybius“
695 2553 803 2595 Halle,
829 2553 915 2587 1864
938 2553 983 2595 (p.
1012 2553 1074 2596 13).

319 2611 354 2654 2)
375 2611 465 2652 „Der
487 2613 606 2646 zweite
626 2613 791 2657 punische
813 2613 920 2655 Krieg
943 2613 1013 2647 und
1035 2614 1125 2649 scine
1149 2614 1311 2657 Quellen“
1334 2624 1368 2657 p.
1394 2613 1464 2647 177.
