<?xml version="1.0" encoding="UTF-8"?>
<!DOCTYPE html PUBLIC "-//W3C//DTD XHTML 1.0 Transitional//EN"
    "http://www.w3.org/TR/xhtml1/DTD/xhtml1-transitional.dtd">
<html xmlns="http://www.w3.org/1999/xhtml" xml:lang="en" lang="en">
 <head>
  <title>
</title>
<meta http-equiv="Content-Type" content="text/html;charset=utf-8" />
  <meta name='ocr-system' content='tesseract 3.04.00' />
  <meta name='ocr-capabilities' content='ocr_page ocr_carea ocr_par ocr_line ocrx_word'/>
</head>
<body>
  <div class='ocr_page' id='page_1' title='image "4737251_0017.png"; bbox 0 0 1824 3009; ppageno 0'>
   <div class='ocr_carea' id='block_1_1' title="bbox 866 228 908 264">
    <p class='ocr_par' dir='ltr' id='par_1_1' title="bbox 866 228 908 264">
     <span class='ocr_line' id='line_1_1' title="bbox 866 228 908 264; baseline 0 0"><span class='ocrx_word' id='word_1_1' title='bbox 866 228 908 264; x_wconf 87' lang='lat'><strong>11</strong></span> 
     </span>
    </p>
   </div>
   <div class='ocr_carea' id='block_1_2' title="bbox 211 335 1563 2250">
    <p class='ocr_par' dir='ltr' id='par_1_2' title="bbox 211 335 1560 976">
     <span class='ocr_line' id='line_1_2' title="bbox 213 335 1559 387; baseline -0.001 -12"><span class='ocrx_word' id='word_1_2' title='bbox 213 335 324 383; x_wconf 83' lang='lat' dir='ltr'>Quae</span> <span class='ocrx_word' id='word_1_3' title='bbox 365 336 524 387; x_wconf 89' lang='lat' dir='ltr'><strong>quidem</strong></span> <span class='ocrx_word' id='word_1_4' title='bbox 562 337 684 377; x_wconf 89' lang='lat' dir='ltr'><strong>verba</strong></span> <span class='ocrx_word' id='word_1_5' title='bbox 722 337 775 377; x_wconf 80' lang='lat' dir='ltr'><strong>ad</strong></span> <span class='ocrx_word' id='word_1_6' title='bbox 813 338 1018 378; x_wconf 80' lang='lat' dir='ltr'>arbitrium</span> <span class='ocrx_word' id='word_1_7' title='bbox 1057 350 1170 377; x_wconf 90' lang='lat' dir='ltr'><strong>suum</strong></span> <span class='ocrx_word' id='word_1_8' title='bbox 1207 335 1468 377; x_wconf 79' lang='lat' dir='ltr'><strong>admiscuisse</strong></span> <span class='ocrx_word' id='word_1_9' title='bbox 1508 338 1559 384; x_wconf 87' lang='lat' dir='ltr'><strong>et,</strong></span> 
     </span>
     <span class='ocr_line' id='line_1_3' title="bbox 212 401 1558 455; baseline -0.001 -13"><span class='ocrx_word' id='word_1_10' title='bbox 212 414 481 452; x_wconf 77' lang='lat' dir='ltr'><strong>quemcunque</strong></span> <span class='ocrx_word' id='word_1_11' title='bbox 508 407 708 443; x_wconf 80' lang='lat' dir='ltr'><strong>auctorem</strong></span> <span class='ocrx_word' id='word_1_12' title='bbox 732 404 802 443; x_wconf 90' lang='lat' dir='ltr'><strong>illo</strong></span> <span class='ocrx_word' id='word_1_13' title='bbox 824 404 960 455; x_wconf 81' lang='lat' dir='ltr'><strong>eapite</strong></span> <span class='ocrx_word' id='word_1_14' title='bbox 986 408 1143 444; x_wconf 90' lang='lat' dir='ltr'><strong>secutus</strong></span> <span class='ocrx_word' id='word_1_15' title='bbox 1168 408 1239 454; x_wconf 88' lang='lat' dir='ltr'><strong>est,</strong></span> <span class='ocrx_word' id='word_1_16' title='bbox 1263 403 1349 442; x_wconf 90' lang='lat' dir='ltr'><strong>eius</strong></span> <span class='ocrx_word' id='word_1_17' title='bbox 1367 401 1558 441; x_wconf 84' lang='lat' dir='ltr'><strong>narratio-</strong></span> 
     </span>
     <span class='ocr_line' id='line_1_4' title="bbox 212 467 1558 510; baseline -0.001 -2"><span class='ocrx_word' id='word_1_18' title='bbox 212 480 309 508; x_wconf 88' lang='lat' dir='ltr'><strong>nem·</strong></span> <span class='ocrx_word' id='word_1_19' title='bbox 328 468 598 509; x_wconf 86' lang='lat' dir='ltr'><strong>immutavisse</strong></span> <span class='ocrx_word' id='word_1_20' title='bbox 624 469 762 510; x_wconf 85' lang='lat' dir='ltr'><strong>Livius</strong></span> <span class='ocrx_word' id='word_1_21' title='bbox 787 469 955 510; x_wconf 86' lang='lat' dir='ltr'><strong>videtur.</strong></span> <span class='ocrx_word' id='word_1_22' title='bbox 1008 469 1130 510; x_wconf 82' lang='lat' dir='ltr'><strong>Plane</strong></span> <span class='ocrx_word' id='word_1_23' title='bbox 1157 470 1263 510; x_wconf 91' lang='lat' dir='ltr'><strong>enim</strong></span> <span class='ocrx_word' id='word_1_24' title='bbox 1288 482 1367 509; x_wconf 91' lang='lat' dir='ltr'><strong>non</strong></span> <span class='ocrx_word' id='word_1_25' title='bbox 1394 467 1558 508; x_wconf 89' lang='lat' dir='ltr'><strong>dubium</strong></span> 
     </span>
     <span class='ocr_line' id='line_1_5' title="bbox 212 535 1559 589; baseline -0.001 -13"><span class='ocrx_word' id='word_1_26' title='bbox 212 539 284 587; x_wconf 82' lang='lat' dir='ltr'><strong>est,</strong></span> <span class='ocrx_word' id='word_1_27' title='bbox 310 536 407 587; x_wconf 91' lang='lat' dir='ltr'><strong>quin</strong></span> <span class='ocrx_word' id='word_1_28' title='bbox 433 536 650 577; x_wconf 84' lang='lat' dir='ltr'><strong>deminutio</strong></span> <span class='ocrx_word' id='word_1_29' title='bbox 676 538 893 578; x_wconf 87' lang='lat' dir='ltr'><strong>consularis</strong></span> <span class='ocrx_word' id='word_1_30' title='bbox 921 538 1128 589; x_wconf 83' lang='lat' dir='ltr'><strong>exercitus,</strong></span> <span class='ocrx_word' id='word_1_31' title='bbox 1165 538 1214 577; x_wconf 92' lang='lat' dir='ltr'><strong>de</strong></span> <span class='ocrx_word' id='word_1_32' title='bbox 1248 550 1327 588; x_wconf 90' lang='lat' dir='ltr'><strong>qua</strong></span> <span class='ocrx_word' id='word_1_33' title='bbox 1365 536 1451 587; x_wconf 88' lang='lat' dir='ltr'><strong>agit</strong></span> <span class='ocrx_word' id='word_1_34' title='bbox 1488 535 1559 575; x_wconf 87' lang='lat' dir='ltr'><strong>illo</strong></span> 
     </span>
     <span class='ocr_line' id='line_1_6' title="bbox 211 602 1559 656; baseline -0.001 -13"><span class='ocrx_word' id='word_1_35' title='bbox 211 603 309 654; x_wconf 88' lang='lat' dir='ltr'><strong>loco,</strong></span> <span class='ocrx_word' id='word_1_36' title='bbox 335 603 436 643; x_wconf 88' lang='lat' dir='ltr'><strong>nihil</strong></span> <span class='ocrx_word' id='word_1_37' title='bbox 463 604 572 644; x_wconf 90' lang='lat' dir='ltr'><strong>aliud</strong></span> <span class='ocrx_word' id='word_1_38' title='bbox 598 605 661 656; x_wconf 87' lang='lat' dir='ltr'><strong>sit,</strong></span> <span class='ocrx_word' id='word_1_39' title='bbox 689 616 807 655; x_wconf 90' lang='lat' dir='ltr'><strong>quam</strong></span> <span class='ocrx_word' id='word_1_40' title='bbox 833 604 1025 645; x_wconf 83' lang='lat' dir='ltr'><strong>auxilium</strong></span> <span class='ocrx_word' id='word_1_41' title='bbox 1051 606 1123 645; x_wconf 90' lang='lat' dir='ltr'><strong>sub</strong></span> <span class='ocrx_word' id='word_1_42' title='bbox 1157 604 1281 645; x_wconf 90' lang='lat' dir='ltr'><strong>Atilio</strong></span> <span class='ocrx_word' id='word_1_43' title='bbox 1312 604 1354 644; x_wconf 90' lang='lat' dir='ltr'><strong>in</strong></span> <span class='ocrx_word' id='word_1_44' title='bbox 1385 602 1559 644; x_wconf 81' lang='lat' dir='ltr'>Galliam</span> 
     </span>
     <span class='ocr_line' id='line_1_7' title="bbox 211 669 1558 720; baseline 0 -11"><span class='ocrx_word' id='word_1_45' title='bbox 211 669 386 709; x_wconf 82' lang='lat' dir='ltr'><strong>missum.</strong></span> <span class='ocrx_word' id='word_1_46' title='bbox 429 669 540 717; x_wconf 85' lang='lat' dir='ltr'><strong>Quae</strong></span> <span class='ocrx_word' id='word_1_47' title='bbox 568 675 699 719; x_wconf 88' lang='lat' dir='ltr'><strong>autem</strong></span> <span class='ocrx_word' id='word_1_48' title='bbox 725 683 788 710; x_wconf 89' lang='lat' dir='ltr'><strong>res</strong></span> <span class='ocrx_word' id='word_1_49' title='bbox 815 672 856 710; x_wconf 93' lang='lat' dir='ltr'><strong>in</strong></span> <span class='ocrx_word' id='word_1_50' title='bbox 884 683 1054 711; x_wconf 86' lang='lat' dir='ltr'><strong>errorem</strong></span> <span class='ocrx_word' id='word_1_51' title='bbox 1081 671 1238 711; x_wconf 87' lang='lat' dir='ltr'><strong>Livium</strong></span> <span class='ocrx_word' id='word_1_52' title='bbox 1262 670 1474 720; x_wconf 86' lang='lat' dir='ltr'><strong>induxerit,</strong></span> <span class='ocrx_word' id='word_1_53' title='bbox 1501 669 1558 709; x_wconf 79' lang='lat' dir='ltr'><strong>fa·</strong></span> 
     </span>
     <span class='ocr_line' id='line_1_8' title="bbox 212 735 1560 788; baseline -0.001 -12"><span class='ocrx_word' id='word_1_54' title='bbox 212 736 288 776; x_wconf 90' lang='lat' dir='ltr'><strong>cile</strong></span> <span class='ocrx_word' id='word_1_55' title='bbox 314 735 492 787; x_wconf 80' lang='lat' dir='ltr'><strong>intellegi</strong></span> <span class='ocrx_word' id='word_1_56' title='bbox 519 741 665 788; x_wconf 86' lang='lat' dir='ltr'><strong>potest:</strong></span> <span class='ocrx_word' id='word_1_57' title='bbox 693 737 856 788; x_wconf 88' lang='lat' dir='ltr'><strong>scilicet,</strong></span> <span class='ocrx_word' id='word_1_58' title='bbox 883 750 1002 787; x_wconf 91' lang='lat' dir='ltr'><strong>quum</strong></span> <span class='ocrx_word' id='word_1_59' title='bbox 1028 737 1099 777; x_wconf 89' lang='lat' dir='ltr'><strong>illa</strong></span> <span class='ocrx_word' id='word_1_60' title='bbox 1126 738 1325 788; x_wconf 84' lang='lat' dir='ltr'><strong>scriberet,</strong></span> <span class='ocrx_word' id='word_1_61' title='bbox 1352 737 1433 777; x_wconf 88' lang='lat' dir='ltr'><strong>iam</strong></span> <span class='ocrx_word' id='word_1_62' title='bbox 1452 735 1560 788; x_wconf 88' lang='lat' dir='ltr'><strong>apud</strong></span> 
     </span>
     <span class='ocr_line' id='line_1_9' title="bbox 211 802 1558 854; baseline 0 -13"><span class='ocrx_word' id='word_1_63' title='bbox 211 803 334 842; x_wconf 86' lang='lat' dir='ltr'><strong>alium</strong></span> <span class='ocrx_word' id='word_1_64' title='bbox 361 802 472 842; x_wconf 89' lang='lat' dir='ltr'><strong>illum</strong></span> <span class='ocrx_word' id='word_1_65' title='bbox 507 808 707 844; x_wconf 87' lang='lat' dir='ltr'><strong>auctorem</strong></span> <span class='ocrx_word' id='word_1_66' title='bbox 746 805 908 854; x_wconf 85' lang='lat' dir='ltr'><strong>legerat,</strong></span> <span class='ocrx_word' id='word_1_67' title='bbox 948 804 1002 843; x_wconf 88' lang='lat' dir='ltr'><strong>ad</strong></span> <span class='ocrx_word' id='word_1_68' title='bbox 1039 804 1229 843; x_wconf 85' lang='lat' dir='ltr'><strong>Manlium</strong></span> <span class='ocrx_word' id='word_1_69' title='bbox 1269 804 1319 843; x_wconf 92' lang='lat' dir='ltr'><strong>de</strong></span> <span class='ocrx_word' id='word_1_70' title='bbox 1359 803 1558 854; x_wconf 86' lang='lat' dir='ltr'><strong>Scipionis</strong></span> 
     </span>
     <span class='ocr_line' id='line_1_10' title="bbox 212 869 1559 921; baseline 0 -13"><span class='ocrx_word' id='word_1_71' title='bbox 212 869 387 909; x_wconf 84' lang='lat' dir='ltr'><strong>exercitu</strong></span> <span class='ocrx_word' id='word_1_72' title='bbox 415 869 608 909; x_wconf 86' lang='lat' dir='ltr'><strong>auxilium</strong></span> <span class='ocrx_word' id='word_1_73' title='bbox 633 869 797 910; x_wconf 83' lang='lat' dir='ltr'><strong>missum</strong></span> <span class='ocrx_word' id='word_1_74' title='bbox 824 882 921 921; x_wconf 88' lang='lat' dir='ltr'><strong>esse,</strong></span> <span class='ocrx_word' id='word_1_75' title='bbox 949 882 1028 920; x_wconf 91' lang='lat' dir='ltr'><strong>quo</strong></span> <span class='ocrx_word' id='word_1_76' title='bbox 1062 869 1209 910; x_wconf 88' lang='lat' dir='ltr'><strong>factum</strong></span> <span class='ocrx_word' id='word_1_77' title='bbox 1248 873 1319 920; x_wconf 85' lang='lat' dir='ltr'><strong>est,</strong></span> <span class='ocrx_word' id='word_1_78' title='bbox 1360 873 1403 909; x_wconf 88' lang='lat' dir='ltr'><strong>ut</strong></span> <span class='ocrx_word' id='word_1_79' title='bbox 1441 869 1559 920; x_wconf 89' lang='lat' dir='ltr'><strong>plane</strong></span> 
     </span>
     <span class='ocr_line' id='line_1_11' title="bbox 211 935 636 976; baseline 0.002 -2"><span class='ocrx_word' id='word_1_80' title='bbox 211 935 344 975; x_wconf 89' lang='lat' dir='ltr'><strong>aliena</strong></span> <span class='ocrx_word' id='word_1_81' title='bbox 370 935 636 976; x_wconf 87' lang='lat' dir='ltr'><strong>confunderet.</strong></span> 
     </span>
    </p>

    <p class='ocr_par' dir='ltr' id='par_1_3' title="bbox 211 1002 1563 1918">
     <span class='ocr_line' id='line_1_12' title="bbox 313 1002 1559 1055; baseline 0.001 -14"><span class='ocrx_word' id='word_1_82' title='bbox 313 1002 399 1041; x_wconf 89' lang='lat' dir='ltr'><strong>Iam</strong></span> <span class='ocrx_word' id='word_1_83' title='bbox 425 1002 467 1042; x_wconf 90' lang='lat' dir='ltr'><strong>in</strong></span> <span class='ocrx_word' id='word_1_84' title='bbox 494 1015 541 1042; x_wconf 88' lang='lat' dir='ltr'><strong>eo</strong></span> <span class='ocrx_word' id='word_1_85' title='bbox 568 1002 806 1043; x_wconf 84' lang='lat' dir='ltr'><strong>dissentiunt</strong></span> <span class='ocrx_word' id='word_1_86' title='bbox 832 1002 970 1043; x_wconf 89' lang='lat' dir='ltr'><strong>Livius</strong></span> <span class='ocrx_word' id='word_1_87' title='bbox 997 1007 1036 1043; x_wconf 92' lang='lat' dir='ltr'><strong>et</strong></span> <span class='ocrx_word' id='word_1_88' title='bbox 1062 1003 1264 1055; x_wconf 84' lang='lat' dir='ltr'><strong>Polybius,</strong></span> <span class='ocrx_word' id='word_1_89' title='bbox 1292 1002 1398 1054; x_wconf 90' lang='lat' dir='ltr'><strong>quod</strong></span> <span class='ocrx_word' id='word_1_90' title='bbox 1421 1002 1559 1042; x_wconf 88' lang='lat' dir='ltr'><strong>Livius</strong></span> 
     </span>
     <span class='ocr_line' id='line_1_13' title="bbox 211 1069 1560 1122; baseline -0.001 -13"><span class='ocrx_word' id='word_1_91' title='bbox 211 1070 325 1110; x_wconf 86' lang='lat' dir='ltr'><strong>initio</strong></span> <span class='ocrx_word' id='word_1_92' title='bbox 353 1070 487 1110; x_wconf 88' lang='lat' dir='ltr'><strong>statim</strong></span> <span class='ocrx_word' id='word_1_93' title='bbox 514 1071 608 1110; x_wconf 89' lang='lat' dir='ltr'><strong>anni</strong></span> <span class='ocrx_word' id='word_1_94' title='bbox 635 1082 706 1110; x_wconf 86' lang='lat' dir='ltr'><strong>sex</strong></span> <span class='ocrx_word' id='word_1_95' title='bbox 732 1071 910 1122; x_wconf 83' lang='lat' dir='ltr'><strong>legiones</strong></span> <span class='ocrx_word' id='word_1_96' title='bbox 929 1070 1140 1121; x_wconf 86' lang='lat' dir='ltr'><strong>confectas,</strong></span> <span class='ocrx_word' id='word_1_97' title='bbox 1166 1070 1357 1121; x_wconf 83' lang='lat' dir='ltr'><strong>Polybius</strong></span> <span class='ocrx_word' id='word_1_98' title='bbox 1376 1070 1427 1109; x_wconf 89' lang='lat' dir='ltr'><strong>ab</strong></span> <span class='ocrx_word' id='word_1_99' title='bbox 1446 1069 1560 1109; x_wconf 89' lang='lat' dir='ltr'><strong>initio</strong></span> 
     </span>
     <span class='ocr_line' id='line_1_14' title="bbox 214 1135 1562 1188; baseline 0 -13"><span class='ocrx_word' id='word_1_100' title='bbox 214 1139 398 1185; x_wconf 88' lang='lat' dir='ltr'><strong>quattuor</strong></span> <span class='ocrx_word' id='word_1_101' title='bbox 425 1140 577 1176; x_wconf 88' lang='lat' dir='ltr'><strong>tantum</strong></span> <span class='ocrx_word' id='word_1_102' title='bbox 594 1136 817 1187; x_wconf 84' lang='lat' dir='ltr'><strong>legionibus</strong></span> <span class='ocrx_word' id='word_1_103' title='bbox 835 1149 943 1177; x_wconf 88' lang='lat' dir='ltr'><strong>more</strong></span> <span class='ocrx_word' id='word_1_104' title='bbox 960 1137 1105 1177; x_wconf 88' lang='lat' dir='ltr'><strong>usitato</strong></span> <span class='ocrx_word' id='word_1_105' title='bbox 1125 1136 1358 1188; x_wconf 86' lang='lat' dir='ltr'><strong>conscriptis</strong></span> <span class='ocrx_word' id='word_1_106' title='bbox 1373 1135 1403 1185; x_wconf 90' lang='lat'><strong>¹)</strong></span> <span class='ocrx_word' id='word_1_107' title='bbox 1423 1139 1562 1187; x_wconf 86' lang='lat' dir='ltr'><strong>postea</strong></span> 
     </span>
     <span class='ocr_line' id='line_1_15' title="bbox 213 1197 1562 1255; baseline 0 -14"><span class='ocrx_word' id='word_1_108' title='bbox 213 1202 370 1241; x_wconf 90' lang='lat' dir='ltr'><strong>demum</strong></span> <span class='ocrx_word' id='word_1_109' title='bbox 396 1197 499 1242; x_wconf 46' lang='lat' dir='ltr'><strong>nouo</strong></span> <span class='ocrx_word' id='word_1_110' title='bbox 527 1203 674 1242; x_wconf 89' lang='lat' dir='ltr'><strong>dilectu</strong></span> <span class='ocrx_word' id='word_1_111' title='bbox 694 1215 898 1243; x_wconf 87' lang='lat' dir='ltr'><strong>numerum</strong></span> <span class='ocrx_word' id='word_1_112' title='bbox 916 1205 1116 1255; x_wconf 88' lang='lat' dir='ltr'><strong>legionum</strong></span> <span class='ocrx_word' id='word_1_113' title='bbox 1134 1207 1292 1243; x_wconf 89' lang='lat' dir='ltr'><strong>auctum</strong></span> <span class='ocrx_word' id='word_1_114' title='bbox 1310 1214 1397 1242; x_wconf 84' lang='lat' dir='ltr'><strong>esse</strong></span> <span class='ocrx_word' id='word_1_115' title='bbox 1419 1206 1562 1242; x_wconf 89' lang='lat' dir='ltr'><strong>censet.</strong></span> 
     </span>
     <span class='ocr_line' id='line_1_16' title="bbox 213 1267 1562 1322; baseline 0 -15"><span class='ocrx_word' id='word_1_116' title='bbox 213 1267 388 1315; x_wconf 85' lang='lat' dir='ltr'><strong>Quorum</strong></span> <span class='ocrx_word' id='word_1_117' title='bbox 414 1269 536 1308; x_wconf 89' lang='lat' dir='ltr'><strong>multo</strong></span> <span class='ocrx_word' id='word_1_118' title='bbox 563 1269 678 1309; x_wconf 89' lang='lat' dir='ltr'><strong>nobis</strong></span> <span class='ocrx_word' id='word_1_119' title='bbox 704 1273 906 1322; x_wconf 88' lang='lat' dir='ltr'><strong>praestare</strong></span> <span class='ocrx_word' id='word_1_120' title='bbox 932 1270 986 1309; x_wconf 90' lang='lat' dir='ltr'><strong>ad</strong></span> <span class='ocrx_word' id='word_1_121' title='bbox 1011 1270 1130 1310; x_wconf 90' lang='lat' dir='ltr'><strong>fidem</strong></span> <span class='ocrx_word' id='word_1_122' title='bbox 1166 1269 1323 1309; x_wconf 89' lang='lat' dir='ltr'><strong>videtur</strong></span> <span class='ocrx_word' id='word_1_123' title='bbox 1360 1268 1562 1320; x_wconf 85' lang='lat' dir='ltr'><strong>Polybius.</strong></span> 
     </span>
     <span class='ocr_line' id='line_1_17' title="bbox 213 1336 1562 1389; baseline 0 -14"><span class='ocrx_word' id='word_1_124' title='bbox 213 1336 381 1375; x_wconf 88' lang='lat' dir='ltr'><strong>Romani</strong></span> <span class='ocrx_word' id='word_1_125' title='bbox 409 1337 524 1387; x_wconf 89' lang='lat' dir='ltr'><strong>enim,</strong></span> <span class='ocrx_word' id='word_1_126' title='bbox 552 1338 632 1387; x_wconf 92' lang='lat' dir='ltr'><strong>qui,</strong></span> <span class='ocrx_word' id='word_1_127' title='bbox 669 1342 713 1377; x_wconf 88' lang='lat' dir='ltr'><strong>ut</strong></span> <span class='ocrx_word' id='word_1_128' title='bbox 747 1350 797 1377; x_wconf 84' lang='lat' dir='ltr'><strong>ex</strong></span> <span class='ocrx_word' id='word_1_129' title='bbox 831 1339 1012 1378; x_wconf 86' lang='lat' dir='ltr'><strong>omnibus</strong></span> <span class='ocrx_word' id='word_1_130' title='bbox 1048 1341 1224 1389; x_wconf 86' lang='lat' dir='ltr'><strong>apparet,</strong></span> <span class='ocrx_word' id='word_1_131' title='bbox 1260 1341 1446 1387; x_wconf 87' lang='lat' dir='ltr'><strong>quantam</strong></span> <span class='ocrx_word' id='word_1_132' title='bbox 1482 1336 1562 1375; x_wconf 89' lang='lat' dir='ltr'><strong>vim</strong></span> 
     </span>
     <span class='ocr_line' id='line_1_18' title="bbox 213 1402 1562 1444; baseline -0.001 -1"><span class='ocrx_word' id='word_1_133' title='bbox 213 1402 428 1443; x_wconf 83' lang='lat' dir='ltr'><strong>seditiones</strong></span> <span class='ocrx_word' id='word_1_134' title='bbox 455 1403 634 1443; x_wconf 81' lang='lat' dir='ltr'><strong>Gallicae</strong></span> <span class='ocrx_word' id='word_1_135' title='bbox 671 1404 879 1444; x_wconf 89' lang='lat' dir='ltr'><strong>habiturae</strong></span> <span class='ocrx_word' id='word_1_136' title='bbox 919 1408 1051 1444; x_wconf 84' lang='lat' dir='ltr'><strong>essent</strong></span> <span class='ocrx_word' id='word_1_137' title='bbox 1091 1404 1143 1443; x_wconf 90' lang='lat' dir='ltr'><strong>ad</strong></span> <span class='ocrx_word' id='word_1_138' title='bbox 1186 1403 1427 1442; x_wconf 85' lang='lat' dir='ltr'><strong>imminentis</strong></span> <span class='ocrx_word' id='word_1_139' title='bbox 1467 1402 1562 1441; x_wconf 91' lang='lat' dir='ltr'><strong>belli</strong></span> 
     </span>
     <span class='ocr_line' id='line_1_19' title="bbox 213 1470 1561 1522; baseline -0.001 -13"><span class='ocrx_word' id='word_1_140' title='bbox 213 1473 406 1520; x_wconf 84' lang='lat' dir='ltr'><strong>eventum,</strong></span> <span class='ocrx_word' id='word_1_141' title='bbox 434 1470 502 1510; x_wconf 93' lang='lat' dir='ltr'><strong>illo</strong></span> <span class='ocrx_word' id='word_1_142' title='bbox 530 1474 703 1522; x_wconf 89' lang='lat' dir='ltr'><strong>tempore</strong></span> <span class='ocrx_word' id='word_1_143' title='bbox 736 1470 910 1510; x_wconf 86' lang='lat' dir='ltr'><strong>nondum</strong></span> <span class='ocrx_word' id='word_1_144' title='bbox 944 1471 1232 1520; x_wconf 82' lang='lat' dir='ltr'><strong>intellexerant,</strong></span> <span class='ocrx_word' id='word_1_145' title='bbox 1265 1470 1424 1509; x_wconf 88' lang='lat' dir='ltr'><strong>nonnisi</strong></span> <span class='ocrx_word' id='word_1_146' title='bbox 1457 1470 1561 1508; x_wconf 88' lang='lat' dir='ltr'><strong>cala-</strong></span> 
     </span>
     <span class='ocr_line' id='line_1_20' title="bbox 213 1535 1562 1587; baseline 0 -12"><span class='ocrx_word' id='word_1_147' title='bbox 213 1535 349 1575; x_wconf 89' lang='lat' dir='ltr'><strong>mitate</strong></span> <span class='ocrx_word' id='word_1_148' title='bbox 377 1535 483 1576; x_wconf 91' lang='lat' dir='ltr'><strong>docti</strong></span> <span class='ocrx_word' id='word_1_149' title='bbox 510 1549 535 1575; x_wconf 90' lang='lat' dir='ltr'><strong>a</strong></span> <span class='ocrx_word' id='word_1_150' title='bbox 565 1536 847 1577; x_wconf 88' lang='lat' dir='ltr'><strong>consuetudine</strong></span> <span class='ocrx_word' id='word_1_151' title='bbox 876 1549 959 1587; x_wconf 90' lang='lat' dir='ltr'><strong>sua,</strong></span> <span class='ocrx_word' id='word_1_152' title='bbox 999 1549 1079 1587; x_wconf 92' lang='lat' dir='ltr'><strong>qua</strong></span> <span class='ocrx_word' id='word_1_153' title='bbox 1104 1536 1256 1576; x_wconf 91' lang='lat' dir='ltr'><strong>duobus</strong></span> <span class='ocrx_word' id='word_1_154' title='bbox 1289 1536 1562 1576; x_wconf 89' lang='lat' dir='ltr'><strong>consularibus</strong></span> 
     </span>
     <span class='ocr_line' id='line_1_21' title="bbox 213 1602 1561 1654; baseline 0 -12"><span class='ocrx_word' id='word_1_155' title='bbox 213 1602 452 1643; x_wconf 81' lang='lat' dir='ltr'><strong>exercitibus</strong></span> <span class='ocrx_word' id='word_1_156' title='bbox 478 1602 660 1643; x_wconf 88' lang='lat' dir='ltr'><strong>binarum</strong></span> <span class='ocrx_word' id='word_1_157' title='bbox 676 1604 877 1654; x_wconf 79' lang='lat' dir='ltr'><strong>legionum</strong></span> <span class='ocrx_word' id='word_1_158' title='bbox 893 1604 999 1643; x_wconf 91' lang='lat' dir='ltr'><strong>bella</strong></span> <span class='ocrx_word' id='word_1_159' title='bbox 1017 1604 1216 1654; x_wconf 87' lang='lat' dir='ltr'><strong>gerebant,</strong></span> <span class='ocrx_word' id='word_1_160' title='bbox 1233 1603 1408 1643; x_wconf 89' lang='lat' dir='ltr'><strong>revocati</strong></span> <span class='ocrx_word' id='word_1_161' title='bbox 1424 1602 1561 1642; x_wconf 89' lang='lat' dir='ltr'><strong>viden-</strong></span> 
     </span>
     <span class='ocr_line' id='line_1_22' title="bbox 213 1668 1563 1717; baseline 0.001 -10"><span class='ocrx_word' id='word_1_162' title='bbox 213 1671 277 1708; x_wconf 91' lang='lat' dir='ltr'><strong>tur</strong></span> <span class='ocrx_word' id='word_1_163' title='bbox 303 1680 402 1709; x_wconf 87' lang='lat' dir='ltr'><strong>esse.</strong></span> <span class='ocrx_word' id='word_1_164' title='bbox 455 1668 585 1717; x_wconf 83' lang='lat' dir='ltr'><strong>Quare</strong></span> <span class='ocrx_word' id='word_1_165' title='bbox 612 1670 802 1710; x_wconf 90' lang='lat' dir='ltr'><strong>minorem</strong></span> <span class='ocrx_word' id='word_1_166' title='bbox 828 1682 961 1710; x_wconf 89' lang='lat' dir='ltr'><strong>curam</strong></span> <span class='ocrx_word' id='word_1_167' title='bbox 988 1668 1144 1709; x_wconf 79' lang='lat' dir='ltr'><strong>Galliae</strong></span> <span class='ocrx_word' id='word_1_168' title='bbox 1171 1669 1285 1709; x_wconf 87' lang='lat' dir='ltr'><strong>initio</strong></span> <span class='ocrx_word' id='word_1_169' title='bbox 1303 1669 1426 1709; x_wconf 85' lang='lat' dir='ltr'><strong>fuisse</strong></span> <span class='ocrx_word' id='word_1_170' title='bbox 1444 1668 1563 1709; x_wconf 87' lang='lat' dir='ltr'><strong>facile</strong></span> 
     </span>
     <span class='ocr_line' id='line_1_23' title="bbox 214 1736 1558 1787; baseline 0.001 -12"><span class='ocrx_word' id='word_1_171' title='bbox 214 1736 429 1787; x_wconf 87' lang='lat' dir='ltr'><strong>credemus,</strong></span> <span class='ocrx_word' id='word_1_172' title='bbox 448 1737 609 1787; x_wconf 88' lang='lat' dir='ltr'><strong>verique</strong></span> <span class='ocrx_word' id='word_1_173' title='bbox 628 1737 830 1777; x_wconf 89' lang='lat' dir='ltr'><strong>simillima</strong></span> <span class='ocrx_word' id='word_1_174' title='bbox 848 1742 908 1777; x_wconf 90' lang='lat' dir='ltr'><strong>est</strong></span> <span class='ocrx_word' id='word_1_175' title='bbox 925 1738 1158 1777; x_wconf 89' lang='lat' dir='ltr'><strong>Mommseni</strong></span> <span class='ocrx_word' id='word_1_176' title='bbox 1174 1737 1206 1786; x_wconf 78' lang='grc'><strong>2)</strong></span> <span class='ocrx_word' id='word_1_177' title='bbox 1226 1738 1432 1785; x_wconf 88' lang='lat' dir='ltr'><strong>sententia,</strong></span> <span class='ocrx_word' id='word_1_178' title='bbox 1450 1737 1558 1776; x_wconf 82' lang='lat' dir='ltr'><strong>Man-</strong></span> 
     </span>
     <span class='ocr_line' id='line_1_24' title="bbox 212 1802 1561 1855; baseline 0.001 -15"><span class='ocrx_word' id='word_1_179' title='bbox 212 1802 362 1841; x_wconf 85' lang='lat' dir='ltr'><strong>lianum</strong></span> <span class='ocrx_word' id='word_1_180' title='bbox 403 1803 619 1842; x_wconf 85' lang='lat' dir='ltr'><strong>exercitum</strong></span> <span class='ocrx_word' id='word_1_181' title='bbox 658 1803 774 1843; x_wconf 92' lang='lat' dir='ltr'><strong>initio</strong></span> <span class='ocrx_word' id='word_1_182' title='bbox 817 1803 997 1855; x_wconf 87' lang='lat' dir='ltr'><strong>Scipioni</strong></span> <span class='ocrx_word' id='word_1_183' title='bbox 1036 1803 1236 1843; x_wconf 88' lang='lat' dir='ltr'><strong>decretum</strong></span> <span class='ocrx_word' id='word_1_184' title='bbox 1275 1802 1411 1853; x_wconf 86' lang='lat' dir='ltr'><strong>fuisse,</strong></span> <span class='ocrx_word' id='word_1_185' title='bbox 1444 1806 1487 1842; x_wconf 94' lang='lat' dir='ltr'><strong>ut</strong></span> <span class='ocrx_word' id='word_1_186' title='bbox 1520 1802 1561 1841; x_wconf 92' lang='lat' dir='ltr'><strong>in</strong></span> 
     </span>
     <span class='ocr_line' id='line_1_25' title="bbox 213 1867 762 1918; baseline 0.005 -12"><span class='ocrx_word' id='word_1_187' title='bbox 213 1867 449 1918; x_wconf 85' lang='lat' dir='ltr'><strong>Hispaniam</strong></span> <span class='ocrx_word' id='word_1_188' title='bbox 476 1881 565 1908; x_wconf 91' lang='lat' dir='ltr'><strong>eum</strong></span> <span class='ocrx_word' id='word_1_189' title='bbox 593 1869 762 1910; x_wconf 85' lang='lat' dir='ltr'><strong>duceret.</strong></span> 
     </span>
    </p>

    <p class='ocr_par' dir='ltr' id='par_1_4' title="bbox 213 1932 1562 2250">
     <span class='ocr_line' id='line_1_26' title="bbox 316 1932 1560 1986; baseline 0.002 -15"><span class='ocrx_word' id='word_1_190' title='bbox 316 1932 399 1972; x_wconf 90' lang='lat' dir='ltr'><strong>Iam</strong></span> <span class='ocrx_word' id='word_1_191' title='bbox 425 1946 609 1974; x_wconf 86' lang='lat' dir='ltr'><strong>numerus</strong></span> <span class='ocrx_word' id='word_1_192' title='bbox 635 1935 847 1986; x_wconf 89' lang='lat' dir='ltr'><strong>legionum,</strong></span> <span class='ocrx_word' id='word_1_193' title='bbox 875 1946 977 1985; x_wconf 89' lang='lat' dir='ltr'><strong>quae</strong></span> <span class='ocrx_word' id='word_1_194' title='bbox 1004 1935 1046 1974; x_wconf 89' lang='lat' dir='ltr'><strong>in</strong></span> <span class='ocrx_word' id='word_1_195' title='bbox 1073 1934 1207 1974; x_wconf 86' lang='lat' dir='ltr'><strong>Gallia</strong></span> <span class='ocrx_word' id='word_1_196' title='bbox 1233 1934 1391 1985; x_wconf 83' lang='lat' dir='ltr'><strong>fuerint,</strong></span> <span class='ocrx_word' id='word_1_197' title='bbox 1417 1934 1459 1973; x_wconf 91' lang='lat' dir='ltr'><strong>in</strong></span> <span class='ocrx_word' id='word_1_198' title='bbox 1492 1933 1560 1973; x_wconf 91' lang='lat' dir='ltr'><strong>du-</strong></span> 
     </span>
     <span class='ocr_line' id='line_1_27' title="bbox 214 1999 1562 2051; baseline 0.001 -13"><span class='ocrx_word' id='word_1_199' title='bbox 214 1999 322 2039; x_wconf 91' lang='lat' dir='ltr'><strong>bium</strong></span> <span class='ocrx_word' id='word_1_200' title='bbox 348 2000 467 2039; x_wconf 89' lang='lat' dir='ltr'><strong>venit.</strong></span> <span class='ocrx_word' id='word_1_201' title='bbox 507 2001 698 2051; x_wconf 89' lang='lat' dir='ltr'><strong>Polybius</strong></span> <span class='ocrx_word' id='word_1_202' title='bbox 724 2002 749 2040; x_wconf 93' lang='lat' dir='ltr'><strong>l.</strong></span> <span class='ocrx_word' id='word_1_203' title='bbox 776 2002 801 2041; x_wconf 93' lang='grc'><strong>1.</strong></span> <span class='ocrx_word' id='word_1_204' title='bbox 828 2006 994 2051; x_wconf 88' lang='lat' dir='ltr'><strong>quartae</strong></span> <span class='ocrx_word' id='word_1_205' title='bbox 1012 2001 1181 2051; x_wconf 85' lang='lat' dir='ltr'><strong>legionis</strong></span> <span class='ocrx_word' id='word_1_206' title='bbox 1199 2001 1436 2041; x_wconf 90' lang='lat' dir='ltr'><strong>mentionem</strong></span> <span class='ocrx_word' id='word_1_207' title='bbox 1453 2000 1562 2050; x_wconf 85' lang='lat' dir='ltr'><strong>facit,</strong></span> 
     </span>
     <span class='ocr_line' id='line_1_28' title="bbox 213 2066 1562 2118; baseline 0.001 -15"><span class='ocrx_word' id='word_1_208' title='bbox 213 2076 287 2104; x_wconf 89' lang='lat' dir='ltr'><strong>nec</strong></span> <span class='ocrx_word' id='word_1_209' title='bbox 313 2071 507 2117; x_wconf 89' lang='lat' dir='ltr'><strong>repugnat</strong></span> <span class='ocrx_word' id='word_1_210' title='bbox 534 2067 763 2118; x_wconf 81' lang='lat' dir='ltr'><strong>sententiae,</strong></span> <span class='ocrx_word' id='word_1_211' title='bbox 791 2080 817 2106; x_wconf 93' lang='lat' dir='ltr'><strong>u</strong></span> <span class='ocrx_word' id='word_1_212' title='bbox 830 2080 856 2106; x_wconf 90' lang='lat' dir='ltr'><strong>n</strong></span> <span class='ocrx_word' id='word_1_213' title='bbox 870 2080 895 2106; x_wconf 92' lang='lat' dir='ltr'><strong>a</strong></span> <span class='ocrx_word' id='word_1_214' title='bbox 908 2080 947 2106; x_wconf 92' lang='lat' dir='ltr'><strong>m</strong></span> <span class='ocrx_word' id='word_1_215' title='bbox 973 2068 1170 2118; x_wconf 90' lang='lat' dir='ltr'><strong>legionem</strong></span> <span class='ocrx_word' id='word_1_216' title='bbox 1206 2067 1320 2106; x_wconf 91' lang='lat' dir='ltr'><strong>initio</strong></span> <span class='ocrx_word' id='word_1_217' title='bbox 1353 2067 1395 2105; x_wconf 92' lang='lat' dir='ltr'><strong>in</strong></span> <span class='ocrx_word' id='word_1_218' title='bbox 1429 2066 1562 2105; x_wconf 87' lang='lat' dir='ltr'><strong>Gallia</strong></span> 
     </span>
     <span class='ocr_line' id='line_1_29' title="bbox 213 2131 1560 2183; baseline 0.001 -12"><span class='ocrx_word' id='word_1_219' title='bbox 213 2131 349 2182; x_wconf 85' lang='lat' dir='ltr'><strong>fuisse,</strong></span> <span class='ocrx_word' id='word_1_220' title='bbox 375 2132 485 2173; x_wconf 90' lang='lat' dir='ltr'><strong>locus</strong></span> <span class='ocrx_word' id='word_1_221' title='bbox 512 2132 617 2173; x_wconf 90' lang='lat' dir='ltr'><strong>Livii</strong></span> <span class='ocrx_word' id='word_1_222' title='bbox 635 2133 685 2183; x_wconf 88' lang='lat' dir='ltr'><strong>(c.</strong></span> <span class='ocrx_word' id='word_1_223' title='bbox 706 2135 888 2181; x_wconf 86' lang='lat'>25—26).</span> <span class='ocrx_word' id='word_1_224' title='bbox 924 2134 971 2173; x_wconf 91' lang='lat' dir='ltr'><strong>In</strong></span> <span class='ocrx_word' id='word_1_225' title='bbox 989 2146 1036 2174; x_wconf 91' lang='lat' dir='ltr'><strong>eo</strong></span> <span class='ocrx_word' id='word_1_226' title='bbox 1053 2146 1146 2174; x_wconf 84' lang='lat' dir='ltr'><strong>vero</strong></span> <span class='ocrx_word' id='word_1_227' title='bbox 1164 2134 1293 2173; x_wconf 90' lang='lat' dir='ltr'><strong>minus</strong></span> <span class='ocrx_word' id='word_1_228' title='bbox 1313 2133 1560 2182; x_wconf 88' lang='lat' dir='ltr'><strong>conveniunt,</strong></span> 
     </span>
     <span class='ocr_line' id='line_1_30' title="bbox 214 2197 1561 2250; baseline 0.001 -14"><span class='ocrx_word' id='word_1_229' title='bbox 214 2197 320 2246; x_wconf 90' lang='lat' dir='ltr'><strong>quod</strong></span> <span class='ocrx_word' id='word_1_230' title='bbox 346 2197 484 2237; x_wconf 85' lang='lat' dir='ltr'><strong>Livius</strong></span> <span class='ocrx_word' id='word_1_231' title='bbox 511 2211 629 2238; x_wconf 90' lang='lat' dir='ltr'><strong>unam</strong></span> <span class='ocrx_word' id='word_1_232' title='bbox 655 2199 852 2249; x_wconf 89' lang='lat' dir='ltr'><strong>legionem</strong></span> <span class='ocrx_word' id='word_1_233' title='bbox 878 2199 952 2238; x_wconf 93' lang='lat' dir='ltr'><strong>sub</strong></span> <span class='ocrx_word' id='word_1_234' title='bbox 979 2198 1025 2238; x_wconf 81' lang='lat' dir='ltr'><strong>G.</strong></span> <span class='ocrx_word' id='word_1_235' title='bbox 1044 2199 1167 2239; x_wconf 91' lang='lat' dir='ltr'><strong>Atilio</strong></span> <span class='ocrx_word' id='word_1_236' title='bbox 1191 2203 1371 2250; x_wconf 80' lang='lat' dir='ltr'><strong>praetore</strong></span> <span class='ocrx_word' id='word_1_237' title='bbox 1395 2198 1561 2238; x_wconf 88' lang='lat' dir='ltr'><strong>submis-</strong></span> 
     </span>
    </p>
   </div>
   <div class='ocr_carea' id='block_1_3' title="bbox 217 2300 460 2306">
    <p class='ocr_par' dir='ltr' id='par_1_5' title="bbox 217 2300 460 2306">
     <span class='ocr_line' id='line_1_31' title="bbox 217 2300 460 2306; baseline 0 0"><span class='ocrx_word' id='word_1_238' title='bbox 217 2300 460 2306; x_wconf 95' lang='lat' dir='ltr'><strong> </strong></span> 
     </span>
    </p>
   </div>
   <div class='ocr_carea' id='block_1_4' title="bbox 212 2359 1561 2640">
    <p class='ocr_par' dir='ltr' id='par_1_6' title="bbox 212 2359 1561 2582">
     <span class='ocr_line' id='line_1_32' title="bbox 303 2359 1558 2403; baseline -0.001 -11"><span class='ocrx_word' id='word_1_239' title='bbox 303 2359 334 2400; x_wconf 94' lang='lat'><strong>1)</strong></span> <span class='ocrx_word' id='word_1_240' title='bbox 356 2359 441 2392; x_wconf 80' lang='lat' dir='ltr'><strong>Eam</strong></span> <span class='ocrx_word' id='word_1_241' title='bbox 462 2360 553 2393; x_wconf 86' lang='lat' dir='ltr'><strong>enim</strong></span> <span class='ocrx_word' id='word_1_242' title='bbox 578 2361 757 2403; x_wconf 83' lang='lat' dir='ltr'><strong>legionem,</strong></span> <span class='ocrx_word' id='word_1_243' title='bbox 780 2370 866 2403; x_wconf 82' lang='lat' dir='ltr'><strong>quae</strong></span> <span class='ocrx_word' id='word_1_244' title='bbox 888 2361 925 2393; x_wconf 89' lang='lat' dir='ltr'><strong>in</strong></span> <span class='ocrx_word' id='word_1_245' title='bbox 938 2360 1048 2394; x_wconf 82' lang='lat' dir='ltr'><strong>Gallia</strong></span> <span class='ocrx_word' id='word_1_246' title='bbox 1070 2363 1154 2401; x_wconf 87' lang='lat' dir='ltr'><strong>erat,</strong></span> <span class='ocrx_word' id='word_1_247' title='bbox 1176 2370 1277 2403; x_wconf 83' lang='lat' dir='ltr'><strong>quam</strong></span> <span class='ocrx_word' id='word_1_248' title='bbox 1292 2361 1448 2402; x_wconf 79' lang='grc' dir='ltr'><strong>τέταρτον</strong></span> <span class='ocrx_word' id='word_1_249' title='bbox 1462 2368 1558 2402; x_wconf 78' lang='grc' dir='ltr'><em>σιρα-</em></span> 
     </span>
     <span class='ocr_line' id='line_1_33' title="bbox 213 2413 1561 2463; baseline 0.001 -13"><span class='ocrx_word' id='word_1_250' title='bbox 213 2413 363 2452; x_wconf 78' lang='grc' dir='ltr'><em>τόπεδον</em></span> <span class='ocrx_word' id='word_1_251' title='bbox 385 2418 534 2462; x_wconf 76' lang='lat' dir='ltr'><strong>appellat</strong></span> <span class='ocrx_word' id='word_1_252' title='bbox 555 2419 714 2463; x_wconf 84' lang='lat' dir='ltr'><strong>Polybius</strong></span> <span class='ocrx_word' id='word_1_253' title='bbox 736 2419 809 2462; x_wconf 85' lang='lat'><strong>(111,</strong></span> <span class='ocrx_word' id='word_1_254' title='bbox 830 2421 884 2463; x_wconf 79' lang='lat'><strong>40,</strong></span> <span class='ocrx_word' id='word_1_255' title='bbox 910 2420 964 2463; x_wconf 84' lang='lat'><strong>13)</strong></span> <span class='ocrx_word' id='word_1_256' title='bbox 995 2420 1203 2454; x_wconf 77' lang='lat' dir='ltr'><strong>consularem</strong></span> <span class='ocrx_word' id='word_1_257' title='bbox 1237 2418 1340 2452; x_wconf 79' lang='lat' dir='ltr'><strong>fuisse</strong></span> <span class='ocrx_word' id='word_1_258' title='bbox 1368 2418 1421 2452; x_wconf 88' lang='lat' dir='ltr'><strong>vel</strong></span> <span class='ocrx_word' id='word_1_259' title='bbox 1446 2429 1487 2452; x_wconf 89' lang='lat' dir='ltr'><strong>ex</strong></span> <span class='ocrx_word' id='word_1_260' title='bbox 1521 2429 1561 2452; x_wconf 89' lang='lat' dir='ltr'><strong>eo</strong></span> 
     </span>
     <span class='ocr_line' id='line_1_34' title="bbox 216 2477 1561 2521; baseline 0 -12"><span class='ocrx_word' id='word_1_261' title='bbox 216 2477 415 2511; x_wconf 86' lang='lat' dir='ltr'><strong>adducimur</strong></span> <span class='ocrx_word' id='word_1_262' title='bbox 437 2482 477 2511; x_wconf 88' lang='lat' dir='ltr'><strong>ut</strong></span> <span class='ocrx_word' id='word_1_263' title='bbox 500 2482 669 2520; x_wconf 73' lang='lat' dir='ltr'><strong>putemus,</strong></span> <span class='ocrx_word' id='word_1_264' title='bbox 690 2479 792 2521; x_wconf 87' lang='lat' dir='ltr'><strong>quod,</strong></span> <span class='ocrx_word' id='word_1_265' title='bbox 813 2482 854 2511; x_wconf 85' lang='lat' dir='ltr'><strong>ut</strong></span> <span class='ocrx_word' id='word_1_266' title='bbox 867 2479 959 2511; x_wconf 80' lang='lat' dir='ltr'><strong>infra</strong></span> <span class='ocrx_word' id='word_1_267' title='bbox 973 2477 1274 2511; x_wconf 75' lang='lat' dir='ltr'><strong>demonstrandum</strong></span> <span class='ocrx_word' id='word_1_268' title='bbox 1294 2477 1360 2510; x_wconf 85' lang='lat' dir='ltr'><strong>erit</strong></span> <span class='ocrx_word' id='word_1_269' title='bbox 1375 2477 1430 2518; x_wconf 85' lang='lat' dir='ltr'><strong>(cf.</strong></span> <span class='ocrx_word' id='word_1_270' title='bbox 1447 2488 1480 2518; x_wconf 88' lang='lat' dir='ltr'><strong>p.</strong></span> <span class='ocrx_word' id='word_1_271' title='bbox 1494 2478 1561 2519; x_wconf 82' lang='lat'><strong>44),</strong></span> 
     </span>
     <span class='ocr_line' id='line_1_35' title="bbox 212 2536 1416 2582; baseline -0.001 -12"><span class='ocrx_word' id='word_1_272' title='bbox 212 2538 376 2579; x_wconf 79' lang='lat' dir='ltr'><strong>quattuor</strong></span> <span class='ocrx_word' id='word_1_273' title='bbox 399 2537 530 2580; x_wconf 78' lang='lat' dir='ltr'><strong>primae</strong></span> <span class='ocrx_word' id='word_1_274' title='bbox 551 2538 702 2581; x_wconf 83' lang='lat' dir='ltr'><strong>legiones</strong></span> <span class='ocrx_word' id='word_1_275' title='bbox 722 2538 986 2582; x_wconf 78' lang='lat' dir='ltr'><strong>uniuscuiusque</strong></span> <span class='ocrx_word' id='word_1_276' title='bbox 1008 2537 1088 2572; x_wconf 81' lang='lat' dir='ltr'><strong>anni</strong></span> <span class='ocrx_word' id='word_1_277' title='bbox 1109 2536 1286 2571; x_wconf 86' lang='lat' dir='ltr'><strong>consulum</strong></span> <span class='ocrx_word' id='word_1_278' title='bbox 1310 2538 1416 2570; x_wconf 80' lang='lat' dir='ltr'><strong>erant.</strong></span> 
     </span>
    </p>

    <p class='ocr_par' dir='ltr' id='par_1_7' title="bbox 300 2596 692 2640">
     <span class='ocr_line' id='line_1_36' title="bbox 300 2596 692 2640; baseline 0.003 -12"><span class='ocrx_word' id='word_1_279' title='bbox 300 2596 335 2638; x_wconf 85' lang='lat'><strong>2)</strong></span> <span class='ocrx_word' id='word_1_280' title='bbox 357 2596 398 2630; x_wconf 84' lang='lat' dir='ltr'><strong>R.</strong></span> <span class='ocrx_word' id='word_1_281' title='bbox 422 2596 461 2629; x_wconf 88' lang='lat' dir='ltr'><strong>G.</strong></span> <span class='ocrx_word' id='word_1_282' title='bbox 485 2597 538 2635; x_wconf 77' lang='lat'><strong>1⁶,</strong></span> <span class='ocrx_word' id='word_1_283' title='bbox 561 2608 594 2640; x_wconf 88' lang='lat' dir='ltr'><strong>p.</strong></span> <span class='ocrx_word' id='word_1_284' title='bbox 618 2598 692 2630; x_wconf 82' lang='lat'>584.</span> 
     </span>
    </p>
   </div>
  </div>
 </body>
</html>
