1824 3009
910 240 960 277 26

252 352 320 391 illo
348 352 436 401 ipso
463 362 567 390 anno
596 352 670 389 538
699 350 915 391 exercitum
945 350 1160 402 accepisse,
1188 362 1385 402 quumque
1419 352 1469 391 de
1504 352 1605 392 Mar-

252 417 343 457 celli
370 415 549 456 exercitu
576 428 608 457 c.
636 418 696 466 31,
725 417 750 454 4
775 436 825 443 -
857 415 974 456 initio
1002 416 1096 456 anni
1124 418 1198 456 539
1226 437 1272 445 -
1302 416 1410 457 dicat
1448 417 1607 458 Livius:

250 496 378 534 „quae
404 483 463 523 ibi
488 483 667 535 legiones
694 487 836 534 essent,
871 488 984 524 erant
1013 487 1145 523 autem
1181 483 1400 525 Cannensis
1435 485 1606 525 maxime

251 549 472 591 exercitus“
491 551 532 601 ¹),
564 563 637 590 nec
664 551 745 590 iam
771 550 941 601 legionis
971 550 1173 600 classicae,
1202 563 1320 600 quam
1345 554 1385 590 et
1409 551 1538 602 ipsam
1565 551 1607 590 in

251 617 428 658 exercitu
450 617 661 658 Marcellus
680 617 873 657 habuerat
895 617 997 665 (Liv.
1017 619 1078 668 22,
1106 619 1166 668 57,
1196 619 1237 665 8)
1261 618 1500 658 mentionem
1527 618 1608 658 ullo

250 686 338 725 loco
360 685 510 735 fecerit,
526 685 706 736 proxime
731 688 837 724 certe
864 685 917 724 ad
941 697 1077 724 verum
1095 685 1285 724 accedere
1302 684 1459 724 videtur
1475 684 1606 724 conie-

251 755 373 801 ctura,
393 763 473 801 qua
490 763 577 791 eam
594 751 792 802 legionem
815 751 868 790 ad
892 751 1136 803 praesidium
1150 751 1319 803 Apuliae
1334 750 1502 791 Varroni
1528 754 1604 790 tra·

251 818 376 858 ditam
403 830 491 858 esse
519 830 735 858 censemus.

354 884 466 932 Quae
493 884 690 924 sententia
718 884 836 935 plane
861 883 1168 934 confirmabitur,
1185 884 1222 922 si
1240 895 1300 933 ea,
1319 895 1421 933 quae
1439 895 1607 933 sequun-

250 956 325 1002 tur,
351 950 642 1003 respexerimus
669 973 719 978 —
748 963 850 1001 quae
878 963 1017 1002 parum
1044 950 1253 1002 perspicue
1278 962 1375 990 sane
1405 954 1444 990 et
1469 950 1559 1001 ipsa
1582 963 1608 990 a

251 1018 367 1058 Livio
395 1021 555 1057 narrata
581 1021 683 1057 sunt.
736 1017 839 1056 Nam
868 1016 975 1067 quod
1005 1016 1108 1056 dixit
1150 1018 1211 1066 23,
1250 1018 1310 1066 25,
1350 1018 1415 1054 11:
1456 1028 1607 1066 „neque

250 1084 301 1125 de
328 1084 507 1125 exercitu
534 1083 747 1134 quicquam
775 1083 900 1123 minui
928 1081 1145 1134 (placuit)“,
1172 1083 1404 1134 impugnare
1431 1083 1518 1134 ipse
1550 1084 1607 1123 vi-

249 1150 365 1190 detur
394 1162 426 1190 c.
454 1152 515 1201 32,
546 1152 606 1201 16,
634 1162 754 1201 quum
781 1149 898 1190 dicit:
927 1150 1152 1201 „Valerium
1178 1153 1399 1201 praetorem
1426 1149 1469 1189 in
1499 1150 1605 1201 Apu-

249 1217 344 1256 liam
383 1216 442 1256 ire
481 1216 632 1268 placuit
671 1216 724 1256 ad
763 1217 980 1256 exercitum
1014 1229 1040 1256 a
1075 1217 1261 1256 Terentio
1297 1214 1608 1267 accipiendum&

249 1282 448 1333 siquidem
473 1283 597 1323 verba
624 1283 695 1322 illa
724 1305 772 1311 —
803 1295 930 1333 neque
960 1283 1010 1322 de
1038 1282 1215 1322 exercitu
1248 1313 1365 1321 .....
1395 1283 1606 1333 quicquam

250 1349 376 1389 minui
395 1371 444 1377 -
469 1353 575 1390 recte
598 1349 657 1389 ita
679 1349 958 1400 intellegimus,
987 1353 1029 1389 ut
1056 1349 1252 1400 integram
1281 1349 1390 1389 illam
1412 1349 1608 1400 legionem

249 1417 465 1455 Varroni
511 1416 691 1455 relictam
735 1428 823 1456 esse
863 1416 1098 1466 significent.
1164 1415 1317 1463 Quibus
1356 1416 1488 1455 verbis
1527 1416 1608 1466 (32,

253 1484 316 1530 16)
345 1482 388 1522 id
415 1495 511 1522 sane
539 1482 625 1522 veri
652 1486 781 1534 potest
799 1482 942 1533 inesse,
964 1482 1167 1522 Valerium
1185 1494 1256 1534 per
1274 1482 1317 1522 id
1335 1486 1502 1533 tempus,
1528 1494 1605 1532 quo

249 1549 424 1590 nondum
452 1549 629 1601 legiones
670 1549 750 1601 ipsi
792 1549 977 1589 decretae
1016 1561 1066 1589 ex
1109 1549 1250 1589 Sicilia
1288 1548 1531 1589 advenerant
1559 1571 1604 1576 -—-

250 1617 375 1656 Varro
403 1621 535 1656 autem
561 1616 605 1655 in
630 1628 728 1667 agro
756 1616 903 1656 Piceno
932 1616 1121 1656 dilectum
1148 1616 1319 1656 habebat
1349 1629 1381 1656 c.
1409 1618 1469 1666 32,
1493 1618 1537 1654 19
1558 1637 1607 1642 —

250 1683 400 1733 legioni
413 1682 684 1722 Varronianae
710 1682 942 1733 praefuisse,
970 1687 1109 1733 postea
1126 1686 1257 1722 autem
1280 1695 1414 1722 rursus
1434 1684 1608 1733 legatum
1679 1675 1682 1677 v

249 1748 440 1788 Varronis
481 1748 524 1787 L.
564 1748 775 1799 Apustium
814 1748 1024 1799 imperium
1064 1748 1267 1800 accepisse
1305 1748 1371 1796 (cf.
1407 1761 1439 1788 c.
1468 1751 1528 1799 38,
1555 1749 1608 1798 9).

249 1815 360 1855 Veri*
372 1818 504 1855 autem
531 1814 702 1855 similius
729 1815 845 1855 nobis
871 1815 1040 1867 videtur,
1067 1828 1139 1867 per
1169 1828 1339 1856 errorem
1375 1816 1448 1855 illa
1487 1817 1609 1857 verba

249 1894 274 1920 a
301 1881 417 1920 Livio
448 1880 597 1920 iniecta
623 1893 721 1931 esse,
750 1886 792 1921 ut
819 1882 931 1921 cuius
959 1882 1091 1921 animo
1130 1882 1210 1920 iam
1248 1886 1342 1921 tunc
1381 1882 1609 1922 commutati

248 1952 387 2000 postea
411 1948 514 1989 inter
540 1951 749 1999 utrumque
771 1947 912 1989 ducem
935 1949 1133 1989 exercitus
1155 1949 1469 1989 obversarentur.
1504 1949 1608 1989 Nam

251 2038 297 2043 —-
325 2014 431 2066 quod
457 2015 521 2055 vel
541 2015 713 2055 maxime
738 2015 968 2055 confirmare
991 2015 1148 2055 videtur
1169 2019 1342 2055 nostram
1360 2015 1608 2065 sententiam,

249 2081 459 2122 classicam
485 2093 573 2121 eam
599 2081 797 2132 legionem
827 2080 951 2121 fuisse
969 2102 1012 2108 —-
1031 2081 1144 2132 gravi
1171 2081 1348 2132 periculo
1373 2094 1399 2121 a
1420 2081 1607 2133 Philippo

248 2146 509 2187 Macedonum
534 2159 627 2198 rege
662 2147 891 2187 imminente
921 2147 1109 2188 Varronis
1143 2147 1371 2198 exercitum,
1409 2159 1526 2198 quem
1564 2147 1607 2187 L.

246 2214 440 2265 Apustius
475 2213 690 2253 Tarentum
704 2215 737 2262 2)
773 2213 942 2253 duxerat
973 2213 1038 2262 (cf.
1073 2213 1158 2253 Liv.
1196 2215 1257 2264 23,
1292 2215 1352 2264 32,
1380 2214 1426 2253 16
1456 2226 1545 2253 cum
1572 2227 1603 2253 c.

337 2331 368 2371 1)
392 2330 491 2372 Quod
512 2330 598 2364 dicit
613 2330 687 2364 Liv.
703 2330 887 2364 Cannensis
910 2332 1094 2364 maxime
1118 2332 1296 2373 exercitus,
1311 2331 1355 2364 ad
1368 2332 1606 2374 supplementa

247 2388 467 2422 referendum
491 2388 637 2430 videtur,
660 2399 748 2431 quae
774 2399 943 2422 novorum
965 2389 1114 2422 militum
1137 2391 1245 2422 erant.

336 2448 370 2490 2)
394 2447 583 2480 Tarentum
608 2450 644 2481 et
666 2448 702 2481 in
727 2450 857 2481 ceteras
880 2448 983 2481 urbes
1005 2448 1195 2482 maritimas
1218 2448 1290 2482 eius
1326 2448 1476 2491 regionis
1508 2458 1606 2491 prae-

247 2507 335 2539 sidia
356 2517 446 2540 anno
469 2507 534 2539 537
557 2507 659 2539 missa
683 2507 844 2549 Polybius
865 2510 1033 2540 memorat
1055 2507 1116 2548 ΙΙΙ,
1140 2509 1192 2548 75,
1215 2508 1246 2549 4,
1269 2507 1506 2549 legionemque
1530 2517 1604 2540 eam

246 2565 350 2598 fuisse
372 2565 564 2608 poterimus
588 2566 794 2605 existimare,
818 2567 847 2599 si
869 2566 1020 2609 legiones
1036 2566 1117 2599 anni
1131 2566 1206 2608 537,
1221 2577 1305 2610 quas
1320 2566 1485 2600 tredecim
1498 2565 1603 2600 fuisse

246 2625 424 2668 Appianas
446 2624 533 2659 dicit
555 2623 678 2667 (Hann.
702 2636 729 2658 c.
755 2625 789 2667 8)
821 2626 1132 2669 computaverimus
1161 2625 1204 2660 cf.
1238 2637 1269 2669 p.
1301 2626 1355 2658 46.
1400 2625 1468 2659 Eos
1498 2625 1607 2669 igitur
