1824 3009
898 234 947 271 28

348 348 433 387 Iam
460 353 678 398 sequuntur
705 361 775 388 eae
804 348 993 399 legiones,
1022 361 1186 399 quarum
1214 349 1480 401 compluribus
1503 350 1601 390 locis

242 414 357 454 nohis
385 414 533 455 mentio
569 414 756 455 facienda
794 419 890 466 erat,
930 427 1043 466 quae,
1084 415 1330 468 conscriptae
1371 428 1474 456 anno
1515 417 1602 468 537,

241 493 366 531 usque
407 482 461 521 ad
500 495 647 522 annum
689 485 762 521 539
803 483 845 521 in
886 482 1027 522 Sicilia
1053 483 1211 522 fuerunt
1237 481 1293 534 (p.
1322 485 1382 522 23.
1411 484 1489 532 24).
1542 484 1601 524 Eo

241 555 374 590 autem
417 561 520 588 anno
560 549 729 600 primum
770 549 935 589 Romam
975 552 1183 588 revocatae
1224 553 1314 589 sunt
1355 550 1433 600 (23,
1462 551 1510 587 25
1543 551 1601 589 10.

242 631 274 657 c.
302 618 364 667 31,
392 619 427 655 4.
455 617 515 666 32,
545 615 598 667 2),
627 615 771 655 deinde
799 616 873 655 sub
900 615 1065 655 Valerio¹
1087 615 1129 654 in
1158 615 1306 667 Apulia
1331 616 1478 655 bellum
1514 629 1601 667 ges-

242 687 377 724 serunt
404 683 452 733 (c.
479 685 539 733 32,
571 684 628 721 17.
657 695 688 722 0.
718 684 778 733 37,
809 683 872 731 12)
890 682 931 732 ¹).
973 682 1054 723 Sub
1081 674 1252 722 hiemem
1278 695 1371 723 vero
1390 696 1415 733 a
1433 683 1602 723 Luceria

241 750 500 791 Brundisium
528 762 617 790 cum
644 750 821 789 exercitu
848 750 1031 789 Valerius
1058 750 1258 801 profectus
1299 754 1370 800 est,
1405 754 1448 790 ut
1488 749 1601 790 Cala-

241 819 352 858 briae
380 818 498 857 litora
525 821 700 857 tueretur
725 818 773 864 (c.
800 819 862 867 48,
891 814 943 865 3).
984 816 1140 857 Deinde
1167 820 1376 868 postquam
1401 817 1444 857 in
1471 817 1601 858 locum
1670 847 1675 859 1

241 885 328 924 eius
369 884 567 925 exercitus
607 883 806 934 legionem
846 883 1066 933 classicam,
1107 883 1439 933 quemadmodum
1483 896 1603 935 supra

240 951 426 1001 vidimus,
453 950 620 1003 accepit,
648 949 788 990 eodem
815 949 1019 989 etiamtum
1047 962 1150 990 anno
1180 951 1252 989 539
1274 950 1476 1002 Apustius,
1503 951 1601 991 Var—

242 1017 349 1058 ronis
376 1018 544 1069 legatus,
572 1017 615 1057 in
641 1017 832 1057 Picenum
858 1017 972 1056 illum
999 1016 1217 1056 exercitum
1246 1016 1409 1057 duxisse
1426 1017 1602 1066 videtur3

242 1086 342 1126 dicit
377 1085 484 1125 enim
511 1084 651 1124 Livius
679 1084 757 1134 (24,
789 1086 848 1135 11,
877 1084 939 1132 3):
980 1083 1153 1135 „placuit
1180 1115 1188 1122 .
1217 1115 1224 1123 .
1254 1115 1261 1123 .
1291 1084 1478 1124 Terentio
1514 1098 1602 1136 pro-

243 1152 398 1192 consuli
425 1151 478 1191 ad
505 1152 695 1192 Picenum
723 1149 982 1201 relinqui“.
1023 1149 1206 1190 Ceterum
1234 1163 1354 1201 quum
1385 1151 1465 1191 iam
1487 1154 1604 1192 antea

242 1232 291 1258 ex
319 1231 455 1258 earum
482 1217 685 1269 legionum
711 1229 873 1267 numero
901 1217 1148 1267 aliquantum
1175 1211 1379 1269 copiarum
1407 1217 1522 1258 alteri
1541 1231 1602 1258 111·-

241 1286 345 1325 bano
373 1284 567 1325 exercitui
595 1283 795 1324 adiectum
824 1287 908 1324 erat
921 1283 966 1334 ²),
994 1287 1077 1323 tum
1105 1283 1301 1324 decedens
1329 1297 1379 1324 ex
1416 1284 1605 1325 Calabria

242 1352 433 1404 Apustius
462 1351 515 1391 ad
541 1351 677 1391 Valeri
705 1351 921 1391 exercitum
948 1350 1130 1390 navalem
1155 1351 1380 1402 augendum
1398 1352 1603 1393 autetiam

242 1418 295 1458 ad
330 1418 545 1458 firmandas
578 1418 696 1457 urbes
736 1417 956 1457 maritimas
997 1421 1149 1468 partem
1190 1418 1366 1468 aliquam
1406 1419 1603 1459 exercitus

242 1485 452 1536 reliquisse
479 1484 638 1525 videtur
664 1487 719 1536 (p.
750 1485 828 1533 27).
870 1484 1032 1524 Postero
1060 1487 1166 1524 certe
1194 1497 1298 1524 anno
1325 1484 1378 1524 ad
1398 1498 1516 1525 unam
1535 1498 1603 1526 eas

242 1552 423 1603 legiones
451 1551 634 1591 redactas
653 1550 929 1602 cognoscimus
948 1562 998 1590 ex
1017 1550 1101 1589 Liv.
1122 1553 1182 1601 24,
1207 1553 1266 1602 10,
1287 1553 1308 1589 3
1329 1551 1392 1596 (cf.
1411 1564 1443 1591 0.
1462 1553 1524 1602 44,
1547 1553 1603 1601 5);

246 1631 365 1668 quam
393 1623 524 1657 tamen
551 1618 697 1657 iustum
725 1630 930 1657 numerum
958 1618 1178 1657 excessisse
1206 1630 1368 1658 necesse
1396 1622 1466 1658 est.
1515 1618 1604 1666 Qua

242 1684 292 1724 de
321 1696 443 1725 causa
470 1684 631 1736 scriptis
660 1683 700 1723 in
728 1696 816 1723 eam
843 1683 1127 1735 supplementis
1146 1695 1280 1724 rursus
1301 1683 1404 1724 duae
1422 1684 1601 1736 legiones

243 1753 373 1792 factae
411 1756 502 1792 sunt
544 1752 622 1802 (25,
652 1754 685 1801 3,
714 1753 753 1799 4)
771 1752 812 1800 ⁸).
868 1750 966 1791 Cum
1006 1751 1057 1791 iis
1098 1751 1221 1802 igitur
1264 1750 1455 1792 Claudius
1496 1752 1601 1792 Nero

243 1819 472 1859 Suessulam
500 1819 542 1858 in
567 1818 697 1858 locum
725 1817 858 1857 Fulvii
878 1817 1100 1857 Centumali
1127 1817 1328 1869 profectus
1348 1821 1408 1857 est
1425 1817 1475 1868 (c.
1495 1820 1528 1868 3,
1548 1817 1602 1868 2),

240 1891 381 1937 postea
407 1891 540 1926 autem
567 1886 620 1925 ad
648 1885 827 1936 Capuam
854 1886 1023 1925 accessit
1049 1887 1097 1933 (c.
1126 1888 1186 1935 22,
1215 1886 1265 1936 7),
1296 1886 1359 1926 cui
1387 1886 1475 1926 urbi
1494 1886 1597 1927 obsi-

240 2035 476 2078 proconsulem
498 2034 617 2067 Livius
640 2037 759 2067 narrat
782 2035 835 2076 29,
862 2037 912 2076 12,
935 2036 966 2067 2.
1012 2036 1104 2077 Quae
1126 2038 1240 2069 tamen
1262 2036 1352 2079 legio
1383 2036 1501 2070 eodem
1533 2039 1598 2069 sta—

241 2097 304 2129 tim
328 2106 416 2128 anno
441 2095 532 2137 (549)
555 2105 638 2137 pace
661 2094 752 2128 facta
773 2094 809 2127 in
825 2093 960 2127 Italiam
982 2094 1123 2129 reducta
1140 2095 1277 2129 videtur
1292 2107 1372 2129 esse.
1407 2096 1602 2139 Insequenti

243 2156 334 2187 enim
357 2165 447 2187 anno
470 2154 505 2186 in
530 2154 718 2196 provinciis
740 2154 881 2188 Graecia
904 2166 971 2188 non
994 2155 1238 2189 adnumeratur
1261 2157 1302 2197 (0.
1329 2156 1394 2197 13).

332 2215 362 2254 1)
387 2213 555 2256 Legatum
586 2213 658 2245 eius
689 2212 791 2246 fuisse
821 2213 872 2246 Ti.
904 2213 1140 2257 Sempronium
1171 2214 1260 2258 (Liv.
1294 2216 1347 2257 23,
1381 2215 1433 2257 37,
1460 2216 1510 2248 10.
1538 2216 1603 2258 11.)

240 2275 336 2306 recte
358 2272 512 2306 conicere
535 2272 673 2306 videtur
695 2273 1000 2307 Weissenbornius.

331 2331 364 2372 2)
387 2330 461 2363 Liv.
486 2331 540 2372 23,
563 2332 617 2372 25,
643 2332 692 2363 10.

327 2388 360 2431 3)
382 2388 471 2421 Nam
507 2389 599 2432 quod
628 2389 747 2422 Livius
772 2389 874 2423 dicit:
911 2390 1093 2433 „legiones,
1116 2401 1202 2433 quae
1226 2418 1232 2424 .
1258 2417 1264 2424 .
1291 2416 1296 2424 .
1322 2392 1358 2425 111
1381 2391 1506 2426 Piceno
1536 2394 1599 2426 sub

240 2448 403 2481 Terentio
427 2447 592 2481 fuissent“
617 2451 651 2481 et
673 2448 798 2481 deinde
823 2448 930 2489 addit,
953 2449 1125 2481 Neronem
1149 2450 1185 2481 111
1201 2460 1256 2482 eas
1273 2451 1508 2493 supplementa
1521 2454 1600 2485 scri·

239 2508 320 2540 bere
345 2508 475 2540 iussum
499 2518 586 2540 esse:
610 2518 671 2550 per
695 2518 856 2549 errorem,
879 2508 933 2541 vel
957 2511 995 2540 ut
1017 2508 1067 2541 ita
1090 2507 1211 2545 dicam.
1236 2520 1297 2551 per
1320 2506 1495 2553 πρόληψιν
1517 2510 1601 2544 duas

238 2567 389 2609 legiones
412 2568 590 2599 memorat.
624 2566 710 2608 Ipsis
737 2567 828 2600 enim
851 2567 1097 2609 supplementis
1119 2567 1263 2600 duarum
1288 2568 1462 2611 legionum
1486 2579 1599 2602 nume-

237 2636 296 2659 rus
320 2624 462 2659 effectus
487 2628 546 2658 est.
