1824 3009
907 231 955 269 32

354 341 434 380 Sed
460 346 617 392 praeter
645 341 897 381 dictatorium
929 342 1039 381 illum
1068 342 1296 393 exereitum,
1331 355 1381 382 ex
1416 355 1493 393 quo
1531 344 1609 383 duo

251 407 478 447 consulares
506 408 604 447 facti
631 412 733 459 sunt,
761 408 861 448 alios
889 407 1009 447 etiam
1038 413 1126 460 post
1155 421 1328 460 pugnam
1363 408 1609 450 Cannensem

251 474 450 513 confectos
491 487 578 513 esse
620 475 895 525 cognoscimus
936 487 985 514 ex
1028 475 1112 514 Liv.
1155 478 1214 526 22,
1251 478 1311 526 57,
1349 478 1383 527 8,
1412 479 1446 515 9.
1500 477 1609 516 Dicit

251 541 367 592 enim,
396 542 544 581 coactis
572 542 766 592 omnibus,
795 542 863 591 qui
891 554 1001 580 arma
1038 541 1140 581 ferre
1177 542 1388 593 potuerint,
1427 546 1611 593 quattuor

251 608 427 658 legiones
467 607 628 647 effectas
664 608 836 658 itemque
877 608 1006 647 socios
1050 620 1185 647 earum
1227 608 1469 660 conscriptos
1510 620 1608 648 esse.

251 675 367 723 Quod
394 675 538 716 deinde
565 676 653 715 loco
674 673 903 726 posteriore,
931 687 1008 726 quo
1036 674 1085 714 de
1105 674 1311 715 dictatoris
1330 675 1507 715 exercitu
1526 674 1605 715 dis-

250 743 346 781 serit
374 742 452 792 (23,
487 745 542 792 14,
569 743 608 799 2)
638 742 737 781 nihil
779 742 938 781 omnino
983 742 1032 781 de
1073 742 1153 781 illis
1196 742 1421 792 legionibus
1460 742 1609 781 dietum

250 810 313 861 sit,
341 810 484 849 mirum
512 808 640 850 videri
668 813 796 860 potest
824 813 863 848 et
890 808 1055 848 offendit
1087 808 1127 848 in
1168 821 1214 848 eo
1250 808 1607 860 Weissenbornius,

250 877 319 926 qui
346 877 599 927 neglegentia
617 877 774 915 Livium
793 888 861 915 eas
880 876 1133 927 praeteriisse
1153 881 1296 915 censet.
1333 876 1414 915 Sed
1440 876 1609 915 omissae

251 942 440 982 hocloco
478 941 569 982 ideo
605 941 800 993 videntur,
845 941 962 993 quod,
1003 954 1241 992 quamquam
1282 946 1350 981 aut
1391 941 1501 993 prius
1542 946 1610 982 aut

251 1014 356 1048 certe
384 1008 524 1047 eodem
551 1013 727 1058 tempore
756 1008 960 1046 confectae
991 1012 1113 1057 erant,
1141 1020 1218 1056 quo
1248 1008 1353 1047 servi
1372 1008 1529 1058 publice
1550 1020 1607 1046 re-

251 1074 414 1126 dempti,
441 1074 551 1115 noxii
579 1074 750 1124 liberati,
790 1078 921 1113 tamen
965 1086 1041 1113 non
1083 1072 1222 1114 eodem
1261 1077 1436 1125 tempore
1475 1078 1610 1114 contra

252 1142 405 1181 hostem
433 1141 575 1180 ductae
604 1145 705 1180 sunt.
748 1141 883 1190 Immo,
912 1152 1031 1189 quum
1060 1140 1255 1179 iuniorum
1281 1140 1452 1179 maxime
1480 1144 1519 1179 et
1546 1141 1608 1180 vel

250 1210 586 1258 praetextatorum
604 1206 695 1245 illas
714 1205 893 1256 legiones
913 1205 1036 1245 fuisse
1057 1205 1195 1245 Livius
1224 1207 1301 1256 (22,
1333 1208 1392 1256 57,
1421 1206 1460 1255 9)
1490 1205 1610 1256 dicat,

251 1286 322 1324 per
347 1272 517 1323 aliquod
537 1276 691 1323 tempus
720 1272 762 1311 in
805 1272 899 1311 urbe
940 1285 1008 1312 eas
1054 1272 1223 1312 retinere
1264 1272 1420 1312 senatui
1455 1272 1611 1312 videtur

250 1339 460 1390 placuisse,
491 1342 533 1377 ut
560 1350 661 1388 quae
689 1338 818 1377 minus
847 1338 1051 1377 etiamtum
1079 1338 1247 1378 idoneae
1277 1338 1330 1377 ad
1372 1338 1607 1390 belligeran-

251 1406 345 1446 dum
372 1410 514 1445 essent.
557 1406 698 1455 Itaque
725 1406 853 1445 nullos
881 1406 1039 1445 omnino
1057 1405 1204 1445 milites
1224 1417 1274 1445 ex
1292 1417 1427 1445 earum
1447 1418 1608 1446 numero

252 1474 292 1512 in
320 1473 497 1513 exercitu
525 1472 730 1512 dictatoris
759 1472 882 1511 fuisse
910 1472 1162 1511 statuendum
1198 1477 1268 1511 est.
1322 1472 1504 1522 Egressis
1541 1485 1607 1511 au-

251 1545 330 1580 tem
357 1541 453 1580 urbe
481 1540 705 1590 legionibus
735 1540 909 1590 urbanis,
939 1552 1037 1590 quas
1065 1539 1235 1579 dictator
1262 1551 1395 1579 secum
1433 1540 1610 1590 abduxit,

252 1607 343 1646 illae
372 1610 556 1656 quattuor
583 1606 760 1657 legiones
789 1619 922 1646 omnes
951 1607 1124 1646 urbanae
1152 1610 1242 1646 sunt
1268 1606 1512 1658 appellatae:
1543 1608 1609 1656 23,

254 1675 314 1724 25,
343 1675 377 1711 9.
407 1685 438 1713 e.
468 1675 527 1724 31,
557 1675 591 1711 3.
622 1675 655 1711 5.
710 1672 863 1720 Quibus
892 1673 990 1713 locis
1029 1686 1129 1724 quae
1167 1677 1518 1713 commemorantur
1555 1673 1607 1712 le-

252 1740 391 1791 giones
431 1740 618 1790 urbanae,
656 1740 772 1790 plane
812 1753 890 1779 non
931 1740 1093 1779 eaedem
1136 1740 1250 1779 nobis
1289 1740 1473 1779 videntur
1512 1750 1610 1789 esse,

252 1807 371 1846 immo
413 1806 491 1846 duo
527 1806 724 1846 exercitus
766 1810 856 1845 sunt
898 1806 1081 1845 binarum
1122 1806 1321 1857 legionum
1362 1806 1610 1856 urbanarum,

252 1886 416 1924 quorum
459 1874 559 1912 alter
587 1895 633 1899 —
664 1872 713 1912 de
750 1884 827 1922 quo
862 1872 994 1922 agitur
1029 1873 1070 1911 in
1108 1873 1237 1923 capite
1272 1875 1316 1910 31
1349 1895 1394 1899 —
1424 1872 1611 1911 Marcello

252 1940 393 1990 evenit,
421 1938 753 1990 quemadmodum
777 1951 897 1993 supra
924 1938 976 1989 (p.
998 1939 1064 1988 23)
1083 1938 1255 1978 vidimus
1275 1951 1455 1989 quaeque
1473 1943 1612 1989 postea

253 2007 290 2046 ei
331 2005 560 2056 acciderint,
601 2005 868 2056 cognovimus.
922 2005 982 2044 De
1026 2004 1180 2045 duabus
1218 2009 1349 2045 autem
1375 2004 1610 2055 legionibus,

253 2085 355 2124 quae
384 2073 560 2123 reliquae
588 2078 710 2123 erant,
739 2072 835 2123 quid
863 2072 1064 2112 decretum
1091 2073 1154 2123 sit,
1182 2085 1260 2112 non
1288 2071 1454 2123 perinde
1481 2084 1528 2111 ac
1560 2071 1608 2111 de

252 2141 333 2181 illis
362 2145 524 2180 constat.
579 2140 686 2188 Quas
715 2140 974 2183 initioalteri
1003 2140 1167 2192 consuli,
1195 2140 1264 2191 qui
1291 2140 1332 2179 in
1372 2140 1502 2179 locum
1537 2139 1609 2178 Po-

252 2207 388 2246 stumii
416 2206 604 2247 suffectus
633 2211 748 2257 esset,
776 2206 955 2246 decretas
983 2218 1070 2246 esse
1098 2206 1235 2246 Livius
1261 2206 1359 2246 dicit
1387 2208 1447 2256 23,
1476 2207 1536 2256 25,
1565 2208 1609 2253 93

253 2286 451 2325 quumque
479 2273 621 2313 deletis
650 2286 737 2313 cum
765 2273 852 2324 ipso
871 2273 970 2313 duce
990 2273 1183 2312 Postumii
1202 2273 1328 2324 copiis
1346 2273 1464 2324 plane
1483 2284 1609 2311 vacua

253 2342 303 2380 ab
331 2341 509 2380 exercitu
538 2344 643 2380 esset
671 2340 814 2391 Gallia,
843 2340 1022 2379 conicere
1059 2352 1277 2390 possumus,
1313 2339 1489 2389 alterum·
1520 2351 1609 2378 con-

253 2409 379 2448 sulem
408 2421 496 2447 eum
524 2407 700 2447 exercitu
729 2408 769 2446 in
798 2419 885 2446 eam
913 2407 1157 2457 provinciam
1184 2407 1226 2445 in
1253 2407 1382 2446 locum
1417 2406 1610 2445 Postumii

253 2475 408 2515 mittere
443 2475 557 2514 initio
592 2475 747 2514 senatui
783 2474 1027 2525 propositum
1057 2473 1198 2514 fuisse.
1253 2473 1332 2513 Sed
1366 2476 1515 2512 mutato
1550 2484 1608 2512 se-

254 2547 369 2582 natus
398 2543 575 2582 consulto
610 2555 687 2582 non
723 2542 875 2581 consuli
917 2541 1076 2592 quidem
1111 2542 1204 2581 illae
1232 2541 1405 2580 urbanae
1433 2539 1610 2590 legiones

253 2613 477 2660 evenerunt,
504 2608 576 2649 sed
602 2609 727 2648 nihilo
762 2609 904 2648 mimus
944 2608 984 2647 in
1026 2608 1198 2647 Galliam
1239 2606 1423 2647 videntur
1462 2606 1605 2646 missae
