1824 3009
925 245 947 281 6

364 356 500 408 Longe
526 357 642 397 aliter
669 357 818 398 Livius.
872 357 950 405 Qui
976 361 1263 409 praeterquam,
1298 356 1404 407 quod
1437 356 1479 395 in
1511 355 1611 406 ipsis

253 425 377 464 ‘rebus
403 424 614 464 narrandis
641 425 837 476 permulta
862 424 1011 476 profert
1038 423 1087 463 de
1114 424 1284 474 singulis
1305 422 1529 473 legionibus
1548 433 1611 460 ac-

259 491 469 542 curatiora,
496 495 708 541 antequam
735 491 1044 541 uniuscuiusque
1072 490 1166 529 anni
1201 503 1265 530 res
1303 493 1436 540 gestas
1474 488 1612 527 ordine

260 561 427 607 enarret,
460 557 673 597 nominatis
713 557 1010 608 magistratibus
1051 557 1266 596 maioribus
1307 546 1613 607 provinciisque,

261 636 363 674 quae
390 624 559 675 singulis
586 624 812 675 obtigerint,
839 636 973 664 omnes
1001 624 1209 675 exercitus,
1251 623 1393 675 quibus
1428 634 1475 662 eo
1510 634 1613 661 anno

260 691 407 731 bellum
442 694 597 741 gestum
624 695 695 742 est,
731 695 770 731 et
802 690 982 731 residuos
1021 703 1071 730 ex
1111 690 1381 742 superioribus
1420 689 1535 729 annis
1576 692 1615 728 et

260 757 409 797 recenti
436 757 584 797 dilectu
612 758 856 809 conscriptos
882 761 1085 797 enumerat
1111 757 1312 808 additque,
1340 757 1437 808 quid
1464 756 1514 796 de
1533 756 1612 796 sin-

261 823 367 874 gulis
385 823 541 863 senatui
558 824 763 875 placuerit.
799 823 920 863 Cuius
939 824 998 863 rei
1026 836 1148 863 causa
1174 836 1223 863 ea
1243 828 1313 874 cst,
1337 823 1443 873 quod
1463 822 1614 873 Livius,

261 894 305 928 ut
330 890 542 939 Romanus,
569 890 718 929 maiore
746 902 834 929 cum
861 889 1072 939 diligentia
1097 889 1147 928 de
1181 889 1233 928 iis
1267 889 1384 928 rebus
1420 888 1615 944 disserere

262 955 373 1005 solet,
402 967 503 1006 quae
530 955 706 995 urbanae
724 956 845 1007 vulgo
864 956 1058 1006 dicuntur,
1077 960 1215 996 contra
1231 956 1443 1007 scriptores
1461 954 1615 1004 Graeci,

261 1021 482 1071 Appianus,
522 1021 601 1060 Dio
644 1021 819 1072 Cassius,
859 1023 1046 1072 Zonaras,
1087 1034 1149 1061 res
1189 1022 1280 1061 illas
1321 1021 1442 1059 multo
1485 1020 1616 1059 minus

262 1090 533 1137 respexerunt,
561 1086 752 1138 Polybius
776 1087 960 1139 denique,
987 1092 1031 1127 ut
1048 1088 1117 1138 qui
1134 1100 1213 1127 non
1230 1087 1340 1127 urbis
1358 1086 1517 1137 Romae,
1544 1085 1616 1126 sed

262 1153 439 1193 universi
466 1154 573 1194 orbis
600 1158 792 1195 terrarum
817 1156 1023 1196 historiam
1050 1156 1251 1205 scriberet,
1278 1154 1335 1193 ibi
1370 1157 1521 1193 tantum
1553 1165 1616 1192 res

262 1220 435 1259 urbanas
463 1221 606 1270 attigit,
634 1221 704 1260 ubi
730 1226 799 1261 aut
824 1221 877 1261 ad
894 1222 1061 1261 formam
1080 1221 1137 1260 rei
1154 1220 1338 1272 publicae
1352 1220 1615 1259 Romanorum
1660 1218 1666 1226 ‘

261 1285 550 1336 illustrandam,
578 1291 646 1326 aut
672 1287 725 1326 ad
752 1287 970 1327 narrandas
997 1300 1060 1327 res
1098 1291 1231 1337 gestas
1266 1286 1490 1326 necessario
1529 1297 1615 1336 per-

263 1351 445 1390 tinerent.

368 1417 522 1465 Quodsi
537 1422 701 1469 constat,
720 1418 773 1457 ad
791 1418 1036 1469 singularum
1054 1418 1254 1469 legionum
1272 1417 1479 1458 historiam
1496 1417 1618 1456 multo

265 1484 429 1522 maximi
456 1485 643 1523 momenti
670 1496 758 1524 esse
786 1484 954 1535 Livium,
981 1485 1151 1536 primum
1177 1496 1339 1524 necesse
1376 1488 1436 1523 est
1476 1495 1617 1534 cogno-

265 1561 433 1601 scamus,
461 1550 591 1601 qualis
618 1550 811 1591 Livianae
838 1551 1075 1592 narrationis
1102 1551 1314 1603 diligentia
1351 1550 1403 1590 sit
1434 1554 1473 1590 et
1508 1549 1618 1589 fides.

368 1616 419 1655 Et
446 1628 495 1655 ea
522 1616 694 1667 quidem,
722 1629 824 1666 quae
851 1618 966 1656 initio
994 1614 1303 1667 uniuscuiusque
1331 1616 1425 1655 anni
1453 1615 1551 1655 dicit
1569 1615 1619 1654 de

266 1681 484 1733 provinciis
511 1686 551 1722 ct
577 1683 818 1723 exercitibus
846 1684 1066 1735 ceterisque
1093 1685 1223 1735 rebus,
1251 1683 1300 1724 de
1328 1683 1472 1734 quibus
1498 1682 1541 1722 in
1559 1694 1618 1722 se-

265 1753 360 1788 natu
386 1753 518 1789 actum
545 1754 616 1800 est,
645 1750 778 1789 omnia
804 1750 887 1789 fere
913 1763 962 1789 ex
982 1750 1121 1790 eodem
1141 1751 1247 1790 fonte
1266 1751 1409 1790 hausta
1425 1749 1619 1789 videntur.

265 1816 365 1855 Illae
398 1816 504 1855 enim
537 1829 600 1856 res
640 1829 787 1867 omnes,
827 1830 926 1867 quas
967 1818 1138 1857 urbanas
1179 1817 1360 1868 dicimus,
1401 1818 1620 1868 antiquitus

266 1882 515 1934 conscriptae
543 1887 655 1922 erant
680 1884 722 1922 in
750 1884 960 1923 annalibus
988 1884 1216 1935 pontificum
1235 1884 1282 1935 ¹);
1324 1897 1373 1924 ex
1399 1885 1451 1924 iis
1487 1884 1621 1935 igitur,

266 1950 491 2000 quicunque
518 1955 657 2002 postea
682 1951 845 1991 annales
864 1951 1117 2002 scripserunt,
1143 1952 1421 2003 repetiverunt,
1448 1963 1550 2002 quae
1569 1950 1620 1990 de

266 2016 347 2054 illis
375 2016 492 2054 rebus
519 2015 689 2055 tradunt.
740 2016 869 2063 Quum
896 2029 990 2056 vero
1017 2029 1094 2057 non
1136 2017 1303 2057 eandem
1339 2029 1495 2068 semper
1530 2016 1619 2056 dili-

266 2082 441 2133 gentiam
468 2082 680 2134 scriptores
709 2084 750 2123 in
778 2084 1110 2124 transscribendis
1145 2084 1375 2136 pontificum
1411 2084 1621 2124 annalibus

266 2150 533 2199 adhibuerint,
561 2149 706 2188 factum
735 2155 808 2201 est,
842 2155 885 2189 ut
912 2151 994 2190 alia
1029 2151 1158 2190 minus
1192 2155 1376 2191 accurate
1411 2151 1623 2202 explanata

267 2228 367 2266 esse,
395 2215 477 2255 alia
502 2227 642 2266 parum
669 2215 747 2254 sibi
776 2220 956 2256 constare
983 2220 1052 2256 aut
1078 2217 1197 2256 ctiam
1232 2217 1350 2267 plane
1391 2215 1469 2255 sibi
1509 2227 1620 2266 repu-

268 2293 390 2331 gnare
408 2280 630 2321 videantur.
665 2280 717 2319 Et
734 2281 784 2320 de
804 2282 973 2332 singulis
991 2282 1163 2332 quidem,
1183 2294 1284 2332 quae
1309 2282 1387 2321 huc
1413 2281 1622 2332 pertinent,

356 2434 387 2476 1)
411 2434 455 2466 de
488 2435 529 2467 iis
558 2435 600 2467 cf.
636 2434 907 2473 Mommsen,
940 2435 1056 2467 Roem.
1090 2433 1206 2467 Gesch.
1234 2434 1286 2466 ed.
1320 2435 1350 2475 5,
1384 2434 1411 2475 Ι,
1444 2434 1509 2466 464
1545 2444 1617 2476 sqq.

269 2492 492 2535 Teuffel,
517 2493 634 2527 Roem.
659 2493 804 2528 Literat.
828 2494 881 2527 ed.
905 2494 936 2535 2,
958 2505 991 2536 p.
1017 2495 1080 2527 116
1102 2505 1187 2536 sqq„
1218 2493 1413 2533 Nissen,
1441 2493 1531 2526 Krit.
1555 2493 1623 2527 Un-

269 2554 519 2596 tersuchungen
552 2556 635 2588 iiber
669 2556 725 2589 die
760 2556 899 2598 Quellen
937 2555 997 2589 der
1031 2557 1063 2589 4.
1098 2555 1168 2589 und
1196 2557 1228 2588 5.
1256 2555 1388 2590 Deeade
1416 2555 1475 2589 des
1503 2555 1621 2589 Livius

269 2626 303 2657 p.
328 2613 371 2647 86
395 2624 466 2656 sqq.
