1824 3009
778 592 954 643 VITA.

296 787 423 828 Natus
467 799 553 827 sum
602 786 767 827 Carolus
815 786 1041 827 Ludovieus
1067 785 1311 837 ⁴Schemann
1351 784 1540 824 Coloniae

196 854 442 907 Agrippinae
468 866 504 893 a.
530 853 568 894 d.
594 853 722 894 XVII.
748 853 837 894 Kal.
864 853 963 894 Nov.
990 853 1084 893 anni
1110 852 1147 892 h.
1174 865 1205 893 s.
1231 852 1307 892 LII
1332 856 1445 905 patre
1462 850 1539 891 Lu-

194 920 346 972 dovieo,
386 924 510 960 matre
544 918 729 960 Garolina
761 932 783 959 e
818 923 935 970 gente
973 919 1199 970 Nettmann,
1239 931 1338 969 quos
1372 931 1538 959 veneror

193 987 435 1040 superstites.
487 985 622 1027 Fidei.
641 985 824 1027 addictus
862 998 949 1026 sum
984 986 1250 1038 evangelicae.
1302 985 1540 1026 Litterarum

196 1053 429 1094 rudimentis
455 1053 628 1094 imbutus
655 1066 741 1093 sum
767 1053 809 1093 in
836 1053 982 1104 oppido
1009 1053 1209 1105 Rhenano,
1237 1053 1301 1093 oui
1320 1065 1462 1093 nomen
1480 1056 1541 1092 est

194 1120 524 1171 Koenigswinter,
551 1120 620 1160 ubi
641 1119 734 1160 inde
760 1120 811 1160 ab
838 1132 941 1160 anno
968 1119 1005 1159 h.
1033 1132 1063 1159 s.
1092 1119 1189 1160 LIX
1224 1132 1349 1171 usque
1384 1118 1438 1159 ad
1470 1132 1538 1159 an-

192 1199 286 1227 num
310 1186 447 1227 LXIII
473 1182 661 1228 habitavi.
713 1186 867 1227 Ibidem
891 1187 1214 1239 progymnasium
1240 1199 1312 1239 per
1336 1191 1416 1227 tres
1456 1186 1539 1227 fere

192 1266 328 1305 annos,
344 1257 483 1306 postea
498 1266 591 1294 vero
610 1266 728 1304 quam
748 1253 931 1306 parentes
951 1253 1176 1305 Coburgum
1197 1254 1538 1305 transmigrarunt,

190 1332 262 1372 per
287 1332 359 1361 sex
386 1333 509 1361 annos
534 1324 573 1360 et
599 1319 807 1360 dimidium
832 1320 1081 1372 gymnasium
1112 1319 1417 1360 Casimirianum
1452 1320 1539 1360 eius

191 1387 300 1427 urbis
340 1387 598 1438 frequentavi.
657 1387 901 1431 Testimonio
945 1386 1183 1427 maturitatis
1222 1387 1396 1427 munitus
1435 1399 1539 1426 anno

191 1453 228 1493 h.
255 1466 285 1494 s.
320 1453 435 1493 LXX
467 1453 773 1505 Heidelbergam
813 1467 875 1494 me
915 1454 1062 1494 eontuli
1101 1453 1357 1505 philologieis
1395 1453 1539 1493 studiis

190 1534 351 1574 operam
378 1521 541 1562 daturus
567 1521 702 1572 ibique
738 1533 810 1573 per
846 1521 924 1561 tria
961 1521 1168 1561 semestria
1206 1521 1363 1561 scholas
1402 1520 1541 1561 audivi

190 1601 251 1629 vv.
287 1589 343 1628 ill.
380 1588 588 1639 Bartsehii,
627 1587 834 1639 Koeehlyi,
871 1587 1035 1639 Starkii,
1072 1587 1330 1638 Treitsehkii,
1363 1586 1538 1627 Watten-

190 1654 336 1706 bachii,
365 1654 519 1695 Zelleri.
559 1653 714 1694 Deinde
740 1654 946 1697 interiecto
965 1654 1059 1694 anni
1077 1654 1219 1706 spatio,
1245 1666 1323 1704 quo
1340 1653 1540 1706 stipendia

190 1720 280 1773 feei,
308 1721 482 1762 Berolini
511 1720 644 1761 studia
667 1721 893 1762 intermissa
916 1721 1100 1762 revocavi
1124 1725 1163 1761 et
1196 1733 1268 1774 per
1301 1721 1381 1761 tria
1415 1732 1538 1761 seme-

189 1788 289 1828 stria
316 1788 471 1828 scholas
501 1788 637 1828 audivi
671 1801 734 1828 vv.
771 1788 827 1827 ill.
859 1787 1042 1839 Bonitzii,
1076 1788 1121 1827 E.
1158 1787 1298 1839 Curtii,
1329 1787 1539 1839 Droyseni,

191 1855 409 1907 Goppertii,
438 1854 615 1906 Hauptii,
642 1855 855 1906 Huebneri‚
878 1855 1087 1907 Kieperffl,
1110 1853 1358 1906 Kirehhoffii,
1377 1854 1536 1894 Momm-

195 1922 293 1973 seni,
319 1921 623 1973 Wattenbaehii,
650 1922 805 1963 Zelleri.
845 1922 1111 1962 Societatibus
1132 1921 1293 1962 interfui
1308 1920 1538 1962 Mommseni

189 1986 413 2039 historicae,
441 1987 679 2029 Kirehhoffii
709 1988 986 2040 philologieae.
1039 1988 1192 2037 Quibus
1226 1987 1407 2029 omnibus
1440 1986 1537 2028 viris

189 2054 336 2106 optime
360 2055 410 2096 de
436 2067 499 2096 me
524 2056 676 2096 meritis
703 2056 853 2108 gratias
879 2068 955 2108 ago
982 2068 1100 2107 quam
1126 2055 1330 2095 maximas.

290 2123 468 2164 Exeunte
491 2122 620 2163 hieme
659 2134 748 2162 ann.
764 2159 766 2161 .
783 2121 1070 2163 LXXIH—IV
1103 2125 1300 2163 contracto
1336 2121 1536 2162 oculorum

189 2189 323 2231 morbo
356 2190 514 2231 domum
546 2189 691 2230 reverti
723 2189 859 2241 ibique
889 2190 1072 2241 remansi,
1108 2189 1326 2241 quominus,
1361 2192 1405 2229 ut
1445 2201 1533 2241 pro-

188 2269 407 2310 posueram,
425 2258 586 2299 Bonnae
602 2256 736 2298 studia
752 2257 995 2310 conficerem,
1013 2256 1238 2310 impeditus,
1254 2255 1380 2297 donee
1397 2267 1531 2296 mense

188 2323 404 2365 Februario
430 2325 548 2365 huius
574 2324 669 2364 anni
704 2324 882 2364 Bonnam
916 2337 979 2365 me
1019 2325 1167 2365 contuli
1202 2323 1253 2363 ad
1285 2335 1456 2364 summos
1492 2323 1534 2362 in

186 2389 440 2444 philosophia
468 2391 635 2432 honores
662 2391 737 2432 rite
764 2391 1055 2444 adipiscendos.
