1824 3009
879 218 930 255 22

224 331 460 370 interessent
488 329 567 381 (25,
596 333 631 381 6,
663 334 720 370 17.
764 332 865 371 Plut.
890 331 1011 371 Marc.
1045 331 1106 378 13)
1127 331 1168 379 ¹).
1221 329 1336 377 Quod
1371 329 1475 371 enim
1508 341 1579 379 per

222 396 452 438 Marcellum
484 410 509 437 a
535 402 675 438 senatu
702 398 937 449 petiverunt,
964 402 1008 438 ut
1034 398 1076 437 in
1103 410 1150 438 eo
1177 397 1317 438 saltem
1354 408 1443 437 cum
1478 400 1579 436 cete—

223 476 356 503 rarum
395 464 596 515 legionum
638 464 870 504 condicione
912 477 985 504 sua
1024 468 1272 514 aequaretur,
1309 455 1493 513 praecise
1529 462 1579 502 iis

222 534 410 580 negatum
429 534 489 570 est
506 528 610 581 (Liv.
630 532 690 581 25,
710 532 745 581 7,
766 530 817 580 3).
844 530 954 571 Socii
971 530 1097 570 tristis
1116 530 1297 583 fortunae
1322 529 1373 587 iis
1402 528 1579 568 adiuncti

224 600 326 648 sunt,
353 597 422 648 qui
447 601 680 649 supererant
712 610 762 638 ex
799 597 925 649 clade,
959 610 1078 648 quam
1113 596 1187 637 Gn.
1223 596 1388 637 Fulvius
1422 599 1581 647 praetor

223 674 327 701 anno
356 664 430 700 542
461 663 503 702 in
531 663 680 714 Apulia
705 667 915 714 acceperat
938 663 1041 711 (Liv.
1060 663 1120 714 26,
1143 665 1175 714 l,
1194 663 1254 713 9);
1279 661 1424 702 deinde
1441 664 1581 712 postea

224 750 275 756 —
301 741 404 769 anno
442 731 515 767 545
544 752 590 757 —-
628 734 880 770 accesserunt
915 730 1109 780 reliquiae
1144 729 1253 769 haud
1289 728 1459 780 exiguae
1493 727 1579 767 eius

225 795 435 846 exercitus,
463 808 580 846 quem
609 796 812 847 superiore
840 808 944 835 anno
968 796 1041 835 sub
1067 795 1210 835 Fulvio
1230 794 1462 835 Centumalo
1491 806 1579 845 pro-

224 861 385 902 consule
403 861 605 902 Hannibal
630 862 804 902 maximo
830 861 1066 902 detrimento
1083 860 1272 902 affecerat
1289 862 1366 912 (27,
1387 863 1422 912 7,
1442 862 1499 900 12.
1523 862 1579 899 13.

225 939 257 966 e.
285 928 320 977 8,
352 929 426 977 13),
454 927 485 966 ii
512 940 668 978 quoque
693 927 838 968 iisdem
875 927 1187 978 condicionibus,
1224 927 1368 978 quibus
1402 927 1474 978 illi,
1510 926 1578 967 ad-

223 993 362 1033 stricti.
391 992 475 1033 Iam
497 993 602 1034 iusto
621 994 811 1034 maiorem
828 1005 1034 1034 numerum
1052 993 1220 1033 duarum
1238 993 1438 1045 legionum
1456 992 1580 1034 fuisse

225 1060 421 1111 suspicari
458 1072 667 1111 possumus
707 1061 772 1109 (cf.
800 1061 885 1101 Liv.
913 1063 975 1112 27,
1006 1052 1136 1111 8,'15.·¹
1176 1060 1337 1111 egregie
1374 1060 1580 1112 suppletae

225 1128 440 1179 legiones);
480 1141 603 1179 quare
630 1142 752 1179 quum
777 1129 829 1169 ad
859 1129 959 1170 illud
998 1133 1152 1180 tempus
1190 1128 1268 1168 duo
1304 1129 1502 1169 exercitus
1539 1129 1580 1168 in

225 1194 368 1235 Sicilia
393 1195 563 1237 fuissent
589 1219 637 1225 —
666 1196 716 1237 de
741 1209 908 1248 quorum
935 1197 1059 1237 altero
1086 1197 1204 1249 paulo
1222 1200 1311 1248 post
1328 1196 1443 1237 nobis
1462 1208 1580 1247 agen-

225 1261 319 1302 dum
338 1262 413 1302 erit
430 1284 493 1313 —‚
519 1263 613 1303 inde
632 1264 683 1303 ab
702 1263 772 1303 illo
790 1276 893 1303 anno
919 1264 1028 1303 solae
1046 1263 1139 1302 illae
1156 1263 1334 1313 legiones
1354 1262 1581 1303 Cannenses

225 1328 426 1379 praesidio
453 1330 607 1370 insulae
635 1334 907 1370 remanserunt
921 1331 966 1378 ²).
1020 1329 1195 1378 Quarum
1229 1330 1387 1369 fortuna
1421 1329 1580 1369 tandem

224 1396 440 1447 aliquando
469 1397 511 1436 in
537 1397 679 1437 melius
709 1409 901 1437 conversa
925 1401 996 1447 est,
1033 1409 1154 1447 quum
1192 1409 1295 1436 anno
1332 1398 1407 1434 550
1445 1395 1581 1447 Scipio

224 1464 334 1504 velut
361 1463 509 1503 vindex
536 1463 578 1503 in
605 1463 787 1504 Siciliam
813 1463 922 1503 venit
950 1463 992 1503 in
1028 1462 1206 1503 Africam
1241 1462 1487 1513 traiecturus.
1541 1463 1581 1503 Is

225 1531 332 1571 enim
361 1530 588 1570 Cannenses
616 1530 829 1581 praecipue
856 1530 1003 1570 milites
1033 1529 1085 1569 ad
1126 1529 1421 1580 exsequendum
1455 1530 1580 1569 consi-

225 1596 322 1637 lium
349 1595 543 1646 adhibuit,
570 1608 648 1636 non
675 1608 770 1635 sane
799 1608 848 1636 ea
877 1595 927 1635 de
958 1608 1089 1646 causa,
1117 1608 1196 1646 qua
1224 1599 1459 1636 commotum
1494 1609 1582 1636 esse

225 1663 452 1715 Scipionem
487 1662 626 1703 Livius
656 1666 790 1702 censet
819 1664 879 1713 29,
910 1666 942 1713 1,
974 1665 1031 1702 13.
1060 1675 1091 1702 c.
1121 1664 1181 1714 24,
1215 1665 1259 1700 12
1297 1685 1347 1692 ·—
1377 1676 1468 1703 nam
1508 1664 1581 1704 sub

224 1730 412 1770 Marcello
441 1728 602 1779 quidem
629 1729 671 1768 in
708 1727 848 1768 Sicilia
878 1729 1037 1769 omnino
1074 1742 1161 1780 non,
1198 1730 1239 1768 in
1273 1729 1392 1769 Italia
1425 1731 1582 1771 nonnisi

224 1796 485 1847 perexiguum
511 1795 700 1846 temporis
723 1795 991 1835 militaverant
1010 1809 1078 1844 —3
1106 1795 1225 1835 immo
1244 1799 1350 1835 recte
1372 1794 1505 1846 Scipio
1523 1796 1581 1836 in-

225 1860 451 1911 tellegebat,
479 1872 598 1910 quum
625 1860 667 1899 in
694 1872 752 1910 eo,
780 1863 823 1898 ut
848 1872 965 1910 quam
992 1859 1207 1899 fortissime
1232 1860 1478 1911 dimicarent,
1505 1874 1583 1901 una

225 1939 316 1979 spes
344 1927 395 1967 iis
424 1930 530 1966 esset
556 1927 698 1978 posita,
723 1939 766 1966 se
794 1939 883 1966 cum
910 1926 991 1967 illis
1018 1927 1140 1966 multo
1167 1927 1319 1967 maiora
1353 1932 1582 1979 perpetrare

224 2006 354 2044 posse,
383 2005 501 2043 quam
528 2005 617 2033 cum
645 1993 726 2033 ullo
753 1993 834 2033 alio
861 1993 1048 2033 exercitu.
1103 1992 1233 2041 Quum
1258 2006 1352 2034 vero
1379 1995 1581 2046 praesidio

226 2060 391 2100 Siciliae
416 2060 575 2109 aliquae
595 2060 735 2111 copiae
760 2060 1044 2111 relinquendae
1063 2065 1205 2111 essent,
1234 2065 1273 2100 et
1291 2073 1341 2100 ex
1359 2062 1582 2111 legionibus

227 2126 502 2166 Cannensibus
529 2130 642 2166 etex
671 2126 754 2167 suis
787 2126 1022 2166 voluntariis
1060 2138 1140 2177 eos,
1176 2127 1244 2177 qui
1282 2127 1413 2168 minus
1448 2127 1582 2168 idonei

315 2300 346 2341 1)
370 2299 577 2343 Repugnant
599 2310 690 2339 sane,
715 2310 800 2343 quae
823 2300 988 2334 dicuntur
1009 2299 1063 2339 29,
1086 2301 1140 2342 24,
1166 2300 1216 2333 12.
1255 2300 1510 2334 Praestantiora
1532 2303 1581 2333 ta-

225 2370 303 2393 men
325 2359 368 2392 ad
390 2358 491 2392 fidem
515 2359 574 2392 illa
595 2359 766 2401 videntur,
789 2370 894 2402 quum
917 2360 953 2393 in
978 2359 1072 2393 nulla
1093 2360 1262 2403 gravioris
1283 2360 1447 2393 momenti
1468 2370 1505 2393 re
1538 2360 1581 2393 le-

225 2419 365 2460 gionum
390 2418 616 2451 Cannensium
638 2419 768 2452 mentio
792 2418 882 2451 facta
907 2419 961 2451 sit.

312 2476 348 2520 2)
372 2476 463 2519 Quae
484 2477 629 2520 legimus
654 2477 746 2520 apud
770 2477 907 2511 Livium
931 2478 984 2519 29,
1015 2478 1069 2519 22,
1102 2478 1141 2510 12
1172 2477 1212 2519 (ii
1244 2479 1423 2519 exercitus,
1455 2478 1514 2520 qui
1546 2478 1582 2510 in

225 2535 340 2569 Sicilia
364 2535 475 2578 erant)
496 2538 532 2568 et
554 2547 581 2569 c.
607 2537 661 2574 24,
684 2537 705 2568 8
727 2536 824 2578 (quas
847 2536 1066 2578 potissimum
1092 2536 1242 2579 legiones
1263 2536 1300 2568 in
1323 2535 1476 2569 Africam
1499 2536 1581 2569 trai-

225 2594 331 2637 ceret)
355 2595 468 2628 minus
490 2594 675 2638 diligenter
697 2595 859 2629 videntur
882 2594 975 2629 dicta
997 2605 1077 2629 osse.
