1824 3009
845 151 894 189 29

193 262 359 314 dendae,
387 263 512 303 donec
538 268 655 314 capta
672 268 742 315 est,
770 264 958 304 interfuit.
997 264 1045 304 Id
1062 277 1156 305 vero
1174 268 1383 315 postquam
1401 263 1543 313 evenit,

193 343 282 371 cum
307 330 455 370 maiore
482 334 592 381 parte
620 331 822 382 copiarum
848 331 954 371 Nero
981 332 1023 370 in
1051 331 1286 383 Hispaniam
1312 331 1457 370 missus
1485 333 1545 368 est

193 399 273 447 (26,
304 399 362 447 17,
393 396 450 447 1);
480 397 548 447 qui
575 403 815 449 supererant,
843 398 998 438 dimissi
1024 398 1209 438 videntur
1234 411 1333 438 esse.

295 463 597 503 Transeundum
613 464 694 503 iam
712 469 771 504 est
789 464 842 504 ad
860 477 927 504 eos
946 465 1154 516 exercitus,
1174 465 1242 515 qui
1260 469 1349 516 post
1371 476 1544 516 pugnam

187 529 439 569 ¹Cannensem
467 531 595 570 coacti
632 535 734 581 sunt,
769 543 933 581 quorum
968 532 1137 582 primum
1176 535 1356 583 spectare
1391 535 1545 582 oportet

193 608 293 647 eum,
322 608 438 646 quem
464 596 514 635 M.
541 596 678 636 Iunius
706 596 875 637 dictator
897 597 1007 637 haud
1032 597 1090 637 ita
1116 598 1237 637 multo
1263 602 1353 649 post
1370 610 1543 649 pugnam

193 662 340 702 eduxit.
395 663 473 711 Qui
500 664 738 715 compositus
767 669 852 704 erat
878 677 998 715 quum
1025 677 1075 704 ex
1110 665 1335 715 legionibus
1368 665 1542 715 urbanis,

192 741 293 780 quae
320 729 434 769 initio
468 724 563 770 anni
597 744 622 771 a
655 731 883 771 consulibus
923 731 1171 783 conscriptae
1210 736 1331 783 erant,
1372 736 1454 772 tum
1493 744 1544 772 ex

191 796 327 847 servis,
356 796 435 847 qui,
463 808 583 846 quum
609 796 822 836 voluntarii
848 796 900 835 ad
928 796 1111 835 militiam
1136 808 1178 835 se
1197 797 1442 847 obtulissent,
1471 809 1540 847 pu-

191 862 294 902 blice
321 862 514 914 redempti
541 863 620 914 (22,
649 865 711 914 57,
742 862 816 914 11),
844 867 883 903 et
910 875 959 903 ex
977 862 1119 914 noxiis,
1139 863 1207 913 qui
1226 867 1389 914 cogente
1408 875 1541 903 neces-

191 931 307 969 sitate
335 930 493 969 liberati
520 934 610 969 sunt
636 930 714 980 (23,
737 933 794 980 14,
818 930 866 979 3).
907 929 1112 969 Sociorum
1131 942 1286 980 quoque
1305 929 1542 969 mentionem

191 996 290 1036 facit
316 996 454 1036 Livius
485 1004 534 1046 (c.
566 998 624 1046 14,
654 997 694 1044 2)
723 1019 764 1023 —
800 996 878 1035 nisi
905 996 1004 1035 forte
1029 1000 1204 1047 praestat
1230 1008 1318 1035 cum
1346 996 1542 1035 Weissen-

190 1062 330 1103 bornio
357 1062 416 1102 sic
444 1074 614 1113 censere,
642 1074 692 1101 ex
719 1062 871 1102 civibus
899 1062 1099 1113 Romanis,
1128 1062 1196 1112 qui
1224 1061 1266 1101 in
1283 1074 1379 1113 agro
1398 1061 1543 1101 Piceno

192 1134 231 1170 et
259 1129 414 1170 Gallico
441 1128 645 1169 domicilia
670 1119 879 1181 habebant,
906 1142 975 1169 eas
994 1129 1172 1170 cohortes
1191 1128 1391 1169 confectas
1409 1127 1544 1180 fuisse,

195 1219 241 1224 ——
270 1209 435 1247 quorum
460 1200 592 1236 tamen
619 1208 823 1237 numerum
848 1209 1035 1248 magnum
1062 1209 1141 1236 non
1167 1208 1283 1248 posse
1311 1195 1434 1236 fuisse
1458 1208 1543 1247 per-

192 1262 416 1314 spiciemus,
443 1262 479 1302 si
505 1262 558 1302 ad
585 1266 673 1304 octo
706 1263 819 1303 milia
850 1263 1045 1314 volonum,
1083 1275 1154 1303 sex
1190 1262 1302 1303 milia
1338 1263 1544 1303 noxiorum

192 1328 292 1369 duas
318 1329 495 1381 legiones
522 1330 705 1380 urbanas,
733 1354 782 1359 —
811 1342 912 1380 quae
939 1343 1018 1370 non
1042 1330 1163 1370 multo
1201 1330 1372 1369 minores
1407 1330 1544 1370 decem

193 1396 346 1436 milium
379 1396 666 1437 existimandae
706 1396 890 1437 videntur
928 1419 975 1424 -—
1010 1396 1292 1436 addiderimus.
1345 1397 1385 1436 Is
1422 1396 1545 1447 igitur

192 1463 388 1503 exercitus
419 1463 535 1503 initio
562 1463 656 1502 anni
685 1465 757 1502 539
784 1463 937 1509 dirisus
966 1467 1036 1514 est,
1063 1463 1121 1502 ita
1147 1467 1190 1502 ut
1213 1462 1258 1511 Q.
1277 1463 1425 1502 Fabius
1443 1462 1542 1502 duas

193 1530 364 1570 urbanas
390 1530 578 1580 legiones,
595 1530 756 1570 volones
775 1530 836 1569 Ti.
855 1530 1056 1570 Gracchus
1074 1529 1283 1581 acciperet,
1301 1529 1365 1570 cui
1384 1529 1541 1570 additos
1572 1565 1577 1568 .

193 1608 280 1636 esse
304 1596 501 1637 sociorum
527 1596 670 1648 viginti
697 1597 870 1648 quinque
897 1596 1009 1636 milia
1036 1596 1173 1636 Livius
1200 1600 1337 1637 auctor
1369 1600 1431 1637 est
1465 1597 1541 1648 (23,

194 1665 255 1715 32,
286 1664 335 1714 1).
381 1663 456 1704 Cui
482 1664 593 1704 noxii
620 1665 834 1716 evenerint,
862 1677 939 1705 non
966 1663 1064 1704 dicit
1089 1664 1243 1715 Livius;
1272 1677 1391 1715 quum
1409 1668 1541 1705 autem

193 1731 459 1782 compluribus
497 1731 596 1771 locis
638 1733 716 1783 (23,
750 1732 812 1783 35,
847 1734 881 1771 7.
915 1744 947 1771 c.
976 1733 1037 1782 36,
1066 1733 1099 1769 2.
1129 1733 1187 1781 24,
1221 1732 1279 1781 16,
1307 1731 1347 1781 8)
1388 1735 1541 1772 veteres

192 1798 349 1849 milites,
377 1799 446 1848 qui
473 1799 515 1838 in
542 1798 834 1850 Sempronii
861 1799 1036 1839 exercitu
1054 1798 1211 1849 fuerint,
1238 1811 1538 1838 commemoren-

193 1868 267 1915 tur,
295 1864 487 1905 haudscio
514 1873 566 1904 an
591 1864 684 1905 huic
710 1864 802 1905 duci
827 1865 938 1905 noxii
972 1864 1057 1905 dati
1097 1864 1185 1905 sint.
1238 1863 1384 1905 Omnes
1424 1864 1541 1916 enim,

194 1944 291 1982 quos
319 1937 476 1983 praeter
510 1924 576 1971 eos
616 1932 784 1972 dictator
823 1933 865 1971 in
904 1932 1079 1972 exercitu
1119 1933 1322 1982 habuerat,
1363 1931 1541 1983 proxime

193 1998 436 2050 conscriptos
464 1999 587 2040 fuisse
615 2000 771 2040 scimus.
825 1998 971 2041 Contra
996 2000 1113 2051 plane
1139 1998 1355 2040 verisimile
1382 2002 1453 2049 est,
1491 2010 1541 2038 ex

193 2066 324 2106 noxiis
352 2079 420 2107 eos
447 2067 692 2118 potissimum
721 2080 808 2108 esse
836 2068 995 2119 electos,
1023 2068 1092 2118 qui
1109 2068 1190 2107 iam
1207 2065 1406 2118 stipendia
1422 2064 1538 2106 fecis-

195 2136 292 2172 sent.
345 2133 431 2173 Iam
456 2146 561 2184 vero,
588 2146 689 2185 quae
719 2134 768 2174 de
794 2133 937 2175 divisis
964 2135 1204 2175 exercitibus
1231 2133 1367 2174 Livius
1396 2132 1540 2183 retulit,

191 2199 364 2249 permira
389 2199 584 2240 videntur.
635 2201 738 2240 Nam
764 2201 828 2242 vel
854 2201 889 2241 si
915 2201 1056 2241 noxios
1095 2200 1220 2241 Fabio
1258 2199 1416 2240 relictos
1453 2211 1540 2240 esse

195 2266 422 2317 statuimus,
467 2271 600 2307 tamen
647 2280 840 2307 summum
881 2267 1148 2319 septendecim
1188 2267 1298 2306 milia
1336 2265 1540 2317 accepisse

191 2336 337 2383 potest;
357 2337 494 2374 contra
507 2333 781 2385 Sempronium
794 2334 993 2386 duplicem
1006 2334 1088 2374 fere
1106 2345 1309 2373 numerum
1324 2331 1541 2372 obtinuisse

190 2395 299 2449 patet
326 2398 470 2449 (25000
492 2408 529 2441 -ι-
549 2402 678 2448 8000).
716 2401 878 2440 Minime
906 2405 1037 2440 autem
1063 2399 1316 2451 intellegitur,
1344 2410 1462 2449 quam
1488 2399 1539 2438 ob

189 2477 350 2506 causam
375 2470 527 2507 tantum
553 2466 767 2508 discrimen
794 2468 897 2508 inter
923 2467 1148 2507 consulares
1174 2465 1370 2506 exercitus
1391 2464 1540 2518 factum

187 2531 240 2571 sit
265 2536 305 2572 et
331 2532 537 2584 imprimis,
564 2546 633 2574 cur
659 2534 774 2574 alteri
809 2534 961 2574 consuli
1001 2533 1100 2574 socii
1140 2545 1218 2572 uon
1258 2532 1338 2572 sint
1377 2531 1540 2572 adiecti.
