1824 3009
898 178 945 215 39

244 286 431 327 nensibus
447 285 625 325 adiectas
640 297 727 325 esse
753 285 952 336 significat
979 288 1038 337 26,
1069 288 1101 337 1,
1127 290 1161 326 9.
1190 288 1249 337 27,
1278 290 1314 338 8,
1346 288 1402 326 13.
1439 287 1590 335 Quodsi

243 352 286 393 id
312 353 443 404 ipsum
469 364 624 403 quoque
650 365 721 404 per
743 365 913 393 errorem
939 354 1001 393 bis
1028 358 1229 393 narratum
1255 354 1401 404 aliquis
1431 354 1591 405 iudicet,

243 424 285 460 at
311 432 360 460 ea
386 423 492 459 certe
518 424 748 471 repugnant,
778 432 879 470 quae
906 420 1043 460 Livius
1071 420 1171 460 dicit
1190 422 1249 472 27,
1274 423 1305 471 1,
1326 423 1360 460 9.
1379 423 1439 472 27,
1463 424 1498 472 7,
1521 423 1591 472 13.,

243 485 386 536 quibus
427 485 525 525 locis
563 486 681 536 plane
720 490 759 525 et
799 485 946 525 diserte
985 486 1150 525 duorum
1190 487 1418 526 Fulviorum
1454 487 1589 527 clades

242 551 445 602 disiungit.
496 551 658 590 Minime
684 551 817 602 igitur,
851 555 894 590 ut
920 551 1032 602 alias,
1069 551 1220 602 fugisse
1261 552 1418 591 Livium
1458 553 1589 603 ipsum

240 618 409 668 videtur,
434 629 478 657 se
505 629 567 657 res
594 617 697 656 inter
721 629 764 657 se
791 618 1014 657 simillimas
1051 630 1229 668 narrare3
1270 631 1506 669 quamquam
1546 619 1588 659 id

240 684 379 736 negari
406 688 511 725 certe
535 696 613 724 non
639 687 779 736 potest,
808 684 965 724 Livium
989 685 1189 736 nonnulla,
1216 697 1315 736 quae
1335 685 1529 726 cadebant
1546 686 1588 726 in

240 751 424 791 Fulvium
449 755 681 802 praetorem,
709 751 752 790 in
780 751 963 790 Fulvium
990 753 1262 802 proconsulem
1284 765 1362 792 non
1382 753 1588 804 cadebant,

239 830 289 857 ex
313 817 436 869 priori
462 818 689 857 narratione
716 817 758 856 in
775 817 1032 868 posteriorem
1050 817 1308 858 transtulisse.
1348 818 1464 858 Velut
1482 819 1588 869 quod

238 884 337 924 dicit
362 886 441 933 (27,
472 886 504 933 1,
533 882 592 932 5):
619 884 895 934 „neglegentia
920 884 1042 923 insita
1066 884 1227 934 ingenio
1246 884 1394 934 ducis“,
1423 886 1486 924 vel
1504 885 1526 934 ἓ
1546 888 1584 923 7;

238 948 348 1000 „pari
374 948 554 1000 audacia,
582 945 747 989 consilio
768 952 807 988 et
824 948 976 988 viribus
992 947 1154 1000 impar.“
1191 948 1454 1006 Quamobrem
1472 949 1586 989 nobis

237 1015 397 1065 quidem
421 1016 694 1066 proconsulem
720 1016 893 1056 occisum
921 1015 1108 1055 damnare
1134 1015 1296 1055 minime
1321 1015 1425 1065 licet,
1467 1015 1586 1055 immo

236 1081 289 1121 ad
315 1081 512 1121 fortunam
537 1082 668 1133 potius
695 1082 871 1132 iniquam
890 1082 1025 1122 clades
1042 1081 1128 1121 eius
1148 1080 1354 1121 referenda
1371 1085 1442 1132 est,
1469 1093 1587 1132 quam

235 1147 288 1188 ad
313 1148 573 1188 temeritatem
599 1153 668 1188 aut
692 1149 996 1200 neglegentiam.

336 1215 450 1254 Anno
478 1217 552 1254 543
579 1227 700 1255 novas
723 1215 901 1266 legiones
928 1215 1100 1255 urbanas
1134 1215 1377 1266 conscriptas
1409 1226 1497 1254 esse
1523 1227 1584 1254 co-

234 1281 460 1332 gnoscimus
479 1294 528 1321 ex
554 1282 639 1321 Liv.
667 1283 728 1336 26,
756 1284 817 1332 28,
845 1284 888 1332 43
917 1294 1019 1331 quae
1043 1281 1236 1322 haudscio
1263 1294 1314 1321 an
1341 1280 1487 1321 fuerint
1513 1293 1585 1320 eae

235 1347 423 1398 legiones,
450 1360 549 1398 quas
576 1347 766 1399 Polybius
792 1348 880 1398 (IX,
912 1349 949 1394 6)
984 1348 1057 1387 sub
1095 1347 1306 1387 adventum
1348 1347 1585 1386 Hannibalis

233 1414 413 1454 consules
443 1414 620 1465 coegisse
646 1414 754 1454 dicit.
794 1414 902 1462 Quas
928 1427 1030 1454 anno
1059 1415 1134 1452 544
1161 1414 1204 1454 in
1222 1413 1422 1454 Etruriam
1440 1413 1583 1454 missas

234 1492 321 1520 esse
347 1480 432 1520 Liv.
458 1481 482 1520 l.
509 1481 533 1520 l.
560 1484 703 1520 narrat.
757 1480 985 1531 Insequenti
1022 1479 1167 1520 deinde
1206 1492 1308 1519 anno
1349 1479 1394 1527 Q.
1433 1479 1582 1519 Fabius

233 1547 369 1587 consul
403 1547 483 1598 (27,
511 1549 545 1597 7,
575 1548 614 1596 9)
642 1560 730 1587 cum
757 1548 807 1587 iis
836 1547 1052 1587 Tarentum
1079 1547 1228 1598 recepit
1254 1546 1305 1596 (c.
1343 1548 1400 1586 15.
1435 1559 1467 1585 e.
1507 1546 1581 1594 16).

231 1614 266 1654 A
293 1626 370 1665 quo
396 1626 499 1655 anno
528 1616 601 1654 546
628 1614 674 1663 Q.
703 1613 869 1655 Claudio
895 1614 1067 1666 praetori
1092 1613 1262 1654 traditae
1296 1617 1397 1665 sunt,
1425 1612 1493 1663 qui
1511 1624 1582 1664 per

231 1693 356 1722 annos
397 1683 482 1721 546.
523 1683 595 1720 547
635 1681 743 1722 circa
782 1682 998 1722 'Parentum
1042 1694 1129 1722 cum
1164 1681 1215 1721 iis
1252 1680 1328 1721 fuit
1354 1682 1429 1731 (27,
1458 1681 1519 1730 29,
1547 1680 1581 1718 6.

238 1760 269 1787 c.
299 1749 360 1799 36,
391 1750 448 1788 13.
476 1761 507 1788 c.
536 1750 596 1799 38,
624 1747 675 1798 8).
728 1747 1066 1796 Quemadmodum
1093 1747 1174 1788 iam
1195 1759 1316 1799 supra
1341 1746 1580 1787 demonstra-

229 1814 368 1866 vimus,
394 1815 610 1855 verisimile
636 1815 804 1866 videtur,
824 1815 869 1863 Q.
887 1814 1097 1855 Claudium
1114 1815 1359 1865 aliquantum
1378 1813 1579 1865 copiarum

228 1880 281 1920 ad
307 1880 524 1922 exercitum
550 1881 719 1921 Neronis
746 1880 919 1921 consulis
946 1893 1050 1921 anno
1080 1881 1152 1918 547
1180 1880 1391 1921 contulisse
1418 1879 1472 1931 (p.
1501 1879 1580 1930 34).

228 1947 384 1987 Deinde
407 1960 510 1987 anno
539 1950 613 1986 548
640 1948 734 1987 illae
771 1949 948 1998 legiones
992 1948 1066 1989 sub
1101 1948 1263 1996 Veturip
1302 1947 1461 1987 consule
1501 1947 1579 1996 (28,

232 2015 291 2063 11,
321 2013 397 2063 12),
424 2013 509 2052 549.
538 2014 612 2052 550
639 2014 713 2053 sub
744 2013 900 2053 Licinio
929 2013 970 2052 in
997 1995 1163 2053 Bruttiis
1189 2013 1346 2053 fuerunt
1364 2011 1444 2063 (28,
1463 2011 1525 2062 46,
1545 2014 1579 2051 2.

229 2081 289 2130 29,
323 2081 379 2131 13,
406 2082 439 2120 3.
467 2093 499 2120 c.
529 2081 589 2131 36,
622 2082 644 2119 6
674 2081 788 2132 sqq.),
821 2080 863 2120 in
886 2093 965 2132 qua
990 2081 1197 2133 provincia
1224 2093 1349 2132 usque
1383 2080 1436 2120 ad
1461 2078 1578 2119 finem

227 2147 323 2188 belli
350 2147 424 2188 sub
451 2148 494 2187 P.
521 2147 751 2199 Sempronio
779 2147 858 2199 (30,
890 2151 922 2200 1,
953 2150 1002 2199 3),
1031 2148 1076 2188 G.
1104 2148 1219 2189 Livio
1246 2149 1326 2199 (30,
1346 2149 1406 2198 27,
1426 2147 1476 2197 7),
1501 2145 1576 2187 Va-

226 2214 324 2254 lerio
351 2213 516 2253 Faltone
543 2213 624 2264 (30,
650 2213 712 2264 41,
749 2216 786 2260 l)
815 2226 883 2254 eas
909 2214 1145 2254 remansisse
1172 2213 1362 2254 videmus.

329 2280 391 2321 De
419 2280 605 2332 exercitu,
635 2293 751 2332 quem
777 2281 827 2321 M.
855 2280 993 2321 Livius
1021 2281 1157 2321 consul
1190 2279 1328 2320 habuit
1364 2279 1404 2319 in
1442 2292 1575 2331 pugna

227 2347 283 2386 ad.
305 2348 524 2386 Metaurum
551 2347 668 2398 facta,
696 2347 770 2387 hoc
796 2347 894 2387 dicit
912 2348 1049 2387 Livius
1068 2347 1146 2397 (27,
1167 2349 1226 2396 35,
1249 2348 1330 2392 11):
1359 2346 1575 2385 exercitum

226 2425 249 2453 e
274 2413 439 2465 duobus,
468 2413 536 2464 qui
562 2413 604 2453 in
632 2413 765 2454 Gallia
792 2414 937 2465 quique
964 2414 1006 2454 in
1033 2414 1192 2454 Etruria
1216 2417 1332 2464 esset,
1354 2412 1492 2453 addito
1511 2426 1572 2453 ur-

226 2480 329 2519 bano
355 2480 530 2530 eligeret,
550 2493 666 2530 quem
684 2482 829 2531 mallet,
848 2482 917 2530 qui
936 2481 1108 2520 Galliam
1127 2484 1231 2519 esset
1248 2480 1421 2519 sortitus.
1449 2479 1575 2526 Quem

228 2546 389 2599 quidem
419 2547 559 2599 locum,
590 2547 658 2598 qui
686 2548 904 2601 respexerit
928 2547 1048 2587 verba
1075 2558 1215 2597 „quem
1239 2544 1408 2596 mallet“‚
1435 2545 1494 2586 sic
1518 2546 1575 2590 in-
