1824 3009
917 229 967 267 40

263 345 434 393 telleget,
469 348 511 382 ut
554 348 712 392 statuat,
752 345 920 383 alterum
961 344 1126 383 duorum
1165 344 1420 394 exercituum,
1463 343 1531 394 qui
1579 343 1620 381 in

265 410 400 450 Gallia
426 413 465 449 et
500 410 661 450 Etruria
694 413 817 460 erant,
844 431 893 437 —
923 409 948 448 i.
987 422 1020 449 e.
1060 409 1243 449 Etruriae
1283 408 1383 449 duas
1422 409 1620 460 legiones;

263 488 366 525 nam,
398 488 500 525 quae
527 477 569 515 in
601 477 735 515 Gallia
760 480 883 526 erant,
910 477 983 515 sub
1003 476 1144 515 Porcio
1162 479 1342 526 praetore
1360 476 1483 516 fuisse
1502 488 1621 526 supra

265 541 345 581 iam
373 540 428 592 (p.
457 542 523 589 38)
551 541 725 581 vidimus
755 563 800 568 —-
831 541 988 581 Livium
1017 541 1095 581 sibi
1123 541 1339 593 sumpsisse
1366 542 1482 593 eique
1509 553 1619 582 exer-

266 608 387 647 citum
414 608 608 648 urbanum
636 608 844 658 adiecisse,
869 609 927 647 ita
951 612 993 648 ut
1021 612 1205 658 quattuor
1238 609 1415 659 legiones
1449 608 1622 647 haberet.

265 673 340 713 Cui
368 678 501 714 tamen
526 675 748 715 sententiae
776 687 853 715 non
884 675 1011 714 solum
1037 678 1242 726 repugnat,
1280 674 1386 725 quod
1412 674 1510 715 dicit
1536 673 1622 714 Liv.

265 743 325 790 27,
355 743 415 790 36,
447 743 509 779 12:
536 746 580 781 ut
604 742 722 780 binae
752 742 958 780 consulum
985 745 1127 791 essent,
1156 741 1228 780 sed
1254 741 1298 780 id
1324 753 1479 790 quoque
1505 740 1555 779 de
1573 752 1622 779 ea

263 818 335 846 nos
364 806 498 857 deicit,
531 807 648 858 quod,
668 807 702 846 si
723 810 908 857 quattuor
925 806 1103 857 legiones
1123 806 1238 846 Livio
1257 806 1381 846 fuisse
1400 806 1621 856 statuimus,

263 878 511 924 computatae
551 873 729 924 legiones
770 873 879 913 illius
920 873 1015 912 anni
1056 886 1135 912 non
1176 873 1414 913 conveniunt
1447 883 1535 919 cum
1571 885 1618 913 eo

264 953 438 991 numero,
466 953 583 991 quem
610 940 695 980 edit
720 941 858 980 Livius
886 941 911 979 l.
937 941 962 979 l.
992 963 1040 967 —
1073 952 1189 990 quem
1214 944 1346 980 tamen
1370 944 1413 980 ut
1437 952 1486 980 ex
1512 940 1620 980 fonte

264 1008 387 1047 multo
414 1007 612 1047 maximae
639 1008 886 1047 auctoritatis
914 1008 1098 1047 haustum
1124 1008 1166 1047 in
1192 1007 1356 1047 dubium
1380 1020 1522 1047 vocare
1549 1007 1620 1047 mi-

264 1074 369 1113 nime
397 1074 501 1113 licet.
554 1075 704 1113 Rursus
732 1087 851 1124 quum
879 1078 1030 1113 constet·
1075 1074 1265 1113 maiorem
1303 1086 1421 1123 quam
1456 1073 1621 1113 duarum

264 1140 465 1190 legionum
489 1139 614 1179 fuisse
642 1140 859 1179 exereitum
885 1140 991 1179 Livii
1014 1139 1081 1187 (cf.
1101 1140 1242 1190 locum,
1270 1151 1386 1190 quem
1404 1138 1520 1179 modo
1538 1139 1620 1179 lau-

265 1206 459 1256 davimus,
491 1208 551 1256 27,
581 1208 641 1256 35,
676 1209 735 1256 11,
768 1211 807 1246 et
833 1207 1027 1257 imprimis
1055 1219 1086 1246 c.
1114 1209 1174 1257 38,
1203 1205 1257 1256 9),
1292 1206 1622 1246 verisimillimum

264 1271 433 1322 videtur,
460 1272 618 1311 Livium
636 1293 686 1298 —
709 1272 815 1322 quod
833 1272 1030 1312 Neronem
1049 1272 1250 1312 consulem
1267 1275 1307 1311 et
1325 1272 1454 1324 ipsum
1476 1271 1621 1312 fecisse

265 1351 386 1390 supra
410 1338 491 1378 iam
517 1338 690 1379 vidimus
718 1360 768 1367 -
795 1352 844 1379 ex
872 1339 1139 1390 compluribus
1172 1339 1412 1379 exercitibus
1445 1339 1524 1379 sibi
1558 1352 1620 1379 co-

264 1405 353 1455 pias
379 1405 561 1456 elegisse,
588 1417 755 1455 eumque
779 1406 1007 1456 exercitum,
1027 1405 1207 1455 quamvis
1226 1405 1621 1446 mult0.excedentem

265 1470 432 1510 duarum
453 1470 654 1522 legionum
683 1483 898 1522 numerum,
936 1475 1066 1511 tamen
1099 1484 1170 1522 pro
1205 1471 1358 1511 duabus
1394 1475 1545 1511 tantum
1580 1470 1621 1510 in

266 1537 459 1576 rationem
501 1551 525 1576 a
570 1537 685 1576 Livio
730 1537 934 1577 inductum
978 1538 1171 1587 nobisque
1214 1537 1500 1577 inducendum.
1524 1549 1621 1577 esse.

266 1603 484 1655 Oportebat
510 1603 632 1655 igitur
656 1603 789 1643 dicere
818 1604 975 1644 Livium
1002 1603 1051 1654 (e.
1084 1606 1143 1655 35,
1176 1604 1260 1654 ll):
1289 1604 1330 1644 in
1356 1604 1573 1644 exercitum
1600 1616 1621 1644 e

266 1669 420 1709 duobus
445 1701 453 1708 .
482 1701 490 1708 .
519 1701 527 1709 .
556 1669 694 1709 addito
720 1670 871 1710 urbano
898 1670 1074 1721 eligeret,
1116 1682 1238 1719 quos
1277 1671 1431 1710 vellet
1472 1673 1620 1720 (quem-

265 1736 479 1775 admodum
509 1736 615 1776 idem
655 1736 704 1776 de
738 1737 894 1776 Nerone
933 1736 1079 1776 dicitur
1106 1749 1137 1775 e.
1166 1738 1228 1787 38,
1256 1737 1296 1786 8)
1323 1758 1371 1763 -
1405 1737 1483 1776 nisi
1521 1737 1620 1776 forte

264 1806 441 1854 praestat
465 1803 706 1854 existimare,
734 1807 893 1843 senatus
914 1804 1135 1843 consultum
1153 1804 1399 1843 immutatum
1416 1816 1514 1844 esse.
1542 1803 1623 1843 Sed

264 1874 351 1909 utut
378 1870 452 1909 hoc
477 1881 520 1909 se
547 1870 678 1920 habet,
706 1870 845 1910 Livius
877 1874 994 1920 certe,
1020 1870 1256 1921 legionibus,
1284 1883 1386 1920 quae
1413 1871 1454 1909 in
1489 1870 1622 1910 Gallia

264 1940 387 1986 erant,
414 1936 555 1975 Porcio
581 1936 754 1987 praetori
781 1936 947 1988 integris
972 1936 1189 1988 permissis,
1217 1936 1408 1988 optimum
1425 1948 1619 1987 quemque

264 2002 422 2042 videtur
451 2002 622 2053 elegisse
649 2006 688 2043 et
715 2015 765 2043 ex
792 2003 854 2054 iis,
883 2015 984 2054 quae
1012 2016 1115 2043 anno
1153 2003 1227 2042 544
1267 2002 1469 2055 praesidio
1511 2003 1620 2043 urbis

265 2069 512 2119 conscriptae
538 2069 616 2120 (26,
645 2071 705 2120 28,
735 2070 796 2118 13)
825 2082 950 2120 usque
987 2069 1039 2108 ad
1079 2082 1225 2109 annum
1265 2072 1338 2108 547
1380 2069 1422 2108 in
1462 2069 1622 2109 Etruria

264 2136 421 2175 fuerant
449 2137 528 2186 (27,
558 2139 592 2186 7,
626 2139 683 2175 10.
708 2137 759 2176 ib.
788 2138 848 2187 22,
877 2136 926 2187 5),
954 2140 994 2175 et
1021 2149 1071 2175 ex
1096 2136 1322 2187 legionibus
1344 2136 1506 2176 urbanis
1524 2137 1620 2176 anni

267 2201 353 2251 545,
382 2214 548 2251 quarum
572 2203 697 2241 altera
724 2215 794 2253 per
821 2215 967 2241 annum
995 2204 1068 2240 546
1097 2203 1244 2242 Romae
1273 2206 1516 2242 remanserat
1541 2203 1620 2252 (27,

267 2269 327 2317 22,
360 2270 435 2317 10),
476 2268 601 2306 altera
627 2268 870 2308 imminentev
895 2269 1063 2308 tumultu
1103 2269 1175 2308 sub
1217 2269 1404 2308 Terentio
1447 2268 1622 2309 Varrone

264 2334 463 2374 Arretium
490 2334 613 2373 missa
639 2338 724 2374 erat
752 2334 829 2385 (27,
858 2335 920 2385 24,
949 2334 999 2384 6).
1052 2335 1178 2382 Quem
1215 2335 1432 2375 exereitum
1471 2339 1620 2375 remoto

265 2401 443 2452 periculo
462 2413 616 2440 omnem
635 2401 835 2441 dimisisse
859 2401 1016 2442 Livium
1045 2414 1094 2441 ex
1120 2401 1204 2441 Liv.
1235 2403 1295 2452 28,
1327 2403 1385 2452 10,
1413 2402 1448 2439 4.
1476 2413 1617 2452 cogno-

264 2468 421 2507 scimus.
442 2490 488 2494 —
511 2468 589 2515 Qui
608 2473 739 2507 autem
758 2473 989 2519 supererant
1007 2481 1057 2507 ex
1079 2473 1263 2519 quattuor
1280 2468 1362 2508 illis
1380 2468 1618 2519 legionibus,

265 2534 318 2574 ad
345 2534 605 2575 obsidendam
631 2536 831 2574 Etruriam
858 2540 941 2575 tum
972 2536 1143 2575 maxime
1178 2535 1413 2575 defectionis
1451 2536 1619 2575 consilia

263 2601 480 2651 agitantem
528 2602 601 2641 sub
644 2602 831 2642 Terentio
872 2602 1046 2642 Varrone
1090 2602 1219 2641 relicti
1262 2605 1353 2642 sunt
1395 2601 1524 2653 iisque
1568 2602 1621 2642 ad
