1824 3009
889 234 935 271 16

231 349 367 386 eontra
393 344 658 385 Hannibalem
685 357 768 385 rem
794 345 929 397 gessit.
973 343 1099 393 Quem
1127 345 1318 398 Polybius
1345 345 1433 397 (ΙΙΙ,
1461 346 1524 396 88,
1543 345 1586 396 7)

230 417 417 462 quattuor
442 412 621 463 legiones
648 412 931 464 conscripsisse
959 412 1069 464 dicit,
1088 425 1215 463 neque
1234 416 1466 465 repugnant,
1484 424 1586 463 quae

231 478 370 520 Livius
397 478 519 524 tradit
545 479 594 531 (e.
627 479 690 530 11)
709 481 748 530 ¹).
788 479 836 520 Id
860 484 993 521 autem
1010 493 1149 533 parum
1167 484 1332 532 constat,
1350 485 1480 523 utrum
1497 493 1587 521 eum

231 550 416 596 quattuor
442 547 667 598 legionibus
695 547 866 588 dictator
891 548 1092 599 profectus
1119 548 1182 598 sit,
1211 547 1318 598 quod
1344 547 1444 587 dicit
1470 546 1585 598 Poly-

230 613 320 654 bius
347 613 372 653 l.
399 613 435 664 l.‚
463 626 515 654 an
541 613 696 654 duabus
723 615 872 655 Romae
900 614 1050 655 relictis
1077 614 1176 655 duas
1214 618 1367 654 tantum
1404 612 1587 654 eduxerit

230 680 332 727 (Liv.
360 694 392 720 e.
423 684 482 732 ll,
511 683 545 721 3.
574 694 605 721 e.
634 683 694 732 27,
726 681 801 731 10).
841 682 892 721 Et
918 682 1034 722 nobis
1061 681 1222 732 quidem
1248 685 1449 733 praestare
1476 679 1585 721 vide-

230 751 305 798 tur,
333 747 441 798 quod
467 747 606 789 Livius
634 752 787 799 narrat3
816 748 963 789 etenim
981 752 1070 800 post
1087 760 1262 800 pugnam
1279 747 1332 788 ad
1350 747 1585 788 Trasumen-

230 827 324 854 num
350 815 480 855 lacum
507 828 586 856 non
613 815 657 855 id
683 816 812 856 solum
838 816 1027 856 Romanis
1054 815 1253 866 agendum
1279 819 1374 866 erat,
1402 820 1445 855 ut
1468 827 1586 866 quam

231 881 394 920 maximi
422 881 620 921 exereitus
646 881 926 932 emitterentur,
954 881 1023 931 qui
1050 881 1136 920 acie
1166 893 1254 920 eum
1284 881 1464 921 hostibus
1496 893 1585 921 eon-

230 946 423 998 fligerent,
458 946 541 998 sed,
578 959 698 998 quum
734 947 953 987 eommunis
988 947 1163 988 omnium
1193 951 1320 988 metus
1358 947 1587 998 exstitisset,

230 1025 279 1053 ne
306 1012 508 1053 Hannibal
534 1014 661 1054 vietor
687 1014 824 1054 urbem
864 1013 993 1065 ipsam
1029 1013 1240 1065 obsideret,
1279 1014 1379 1054 haec
1419 1018 1458 1054 et
1497 1013 1588 1065 ipsa

229 1079 363 1120 valido
390 1079 593 1132 praesidio
633 1085 718 1121 erat
756 1080 960 1121 firmanda.
1012 1080 1144 1129 Quare
1184 1081 1263 1122 nisi
1298 1094 1370 1133 per
1411 1092 1583 1121 errorem

230 1145 365 1197 lapsus
394 1151 454 1186 est
481 1147 685 1198 Polybius,
712 1148 771 1187 ita
796 1147 955 1188 videtur
981 1147 1319 1199 interpretandum
1346 1159 1445 1198 esse,
1481 1146 1587 1197 quod

231 1212 330 1253 dicit
355 1226 388 1253 e.
416 1215 477 1265 88,
506 1214 735 1254 coniunctos
768 1226 856 1254 esse
897 1213 1057 1254 Servilii
1098 1226 1187 1254 eum
1229 1214 1347 1254 Fabii
1381 1213 1586 1265 militibus,

231 1283 274 1318 ut
300 1283 486 1329 quattuor
508 1280 687 1331 legiones
714 1280 932 1331 dictatoris,
964 1292 1065 1330 quae
1096 1279 1139 1319 ἐκ
1166 1281 1239 1319 τοῦ
1258 1281 1398 1331 καιροῦ
1417 1280 1586 1320 consori-

229 1350 321 1396 ptae
349 1350 472 1397 erant,
499 1346 794 1398 proficiscentes
821 1347 947 1387 Roma
973 1359 1052 1387 non
1076 1347 1222 1387 iustum
1243 1358 1356 1387 suum
1383 1358 1587 1387 numerum

230 1412 429 1463 habuisse,
458 1412 531 1453 sed
558 1425 608 1453 ex
636 1412 856 1464 Serviliano
883 1413 1059 1453 exercitu
1087 1413 1235 1465 optimo
1270 1425 1425 1464 quoque
1461 1413 1586 1452 eleeto

230 1479 447 1531 completas
475 1492 562 1520 esse
591 1484 821 1521 statuamus.
865 1479 944 1528 Qui
961 1479 1107 1520 deinde
1126 1480 1269 1531 reliqui
1288 1484 1400 1520 erant
1417 1480 1586 1519 militum

231 1570 278 1574 —
308 1559 427 1597 quam
454 1544 739 1598 παραπομπὴν
762 1547 860 1587 dicit
891 1547 1082 1599 Polybius
1111 1569 1160 1575 —
1187 1559 1255 1587 eos
1277 1560 1303 1586 a
1320 1546 1491 1587 Servilio
1509 1546 1584 1586 Ro-

231 1626 335 1653 mam
361 1613 544 1653 reduetos
571 1626 752 1664 novoque
779 1613 927 1654 dilectu
955 1614 1008 1654 ad
1034 1613 1201 1654 duarum
1227 1614 1427 1665 legionum
1451 1625 1584 1654 nume-

232 1692 317 1719 rum
344 1684 480 1719 auctos
506 1691 593 1719 esse
621 1680 751 1719 eonioi
783 1684 923 1731 potest.
978 1681 1075 1721 Utut
1109 1684 1241 1719 autem
1277 1692 1339 1720 res
1375 1692 1419 1719 se
1454 1679 1585 1730 habet,

231 1750 416 1797 quattuor
442 1750 595 1786 tantum
621 1746 798 1797 legiones
825 1747 868 1786 in
895 1746 1035 1786 eastris
1063 1745 1269 1786 dictatoris
1298 1745 1422 1786 fuisse
1455 1749 1499 1785 ut
1536 1756 1586 1785 ex

232 1812 339 1853 Livii
365 1813 601 1864 planissima
628 1799 875 1863 manatione,
911 1814 969 1852 ita
1003 1825 1053 1853 ex
1092 1813 1218 1863 ipsius
1254 1813 1414 1863 Polybii
1454 1812 1586 1852 verbis

233 1883 399 1930 apparet
426 1879 474 1927 (e.
513 1880 585 1917 107
621 1877 755 1928 extr.):
798 1873 846 1917 οὗ
878 1875 1005 1929 μόνον
1039 1877 1327 1929 τέτταρσιν,
1347 1872 1441 1917 ’ἀλλ’
1479 1871 1583 1928 ὀκτώ

230 1942 525 1995 στρατοπέδοις
553 1975 560 1984 .
590 1975 598 1983 .
629 1976 637 1984 .
667 1940 898 1997 προῄρηντο
927 1940 1234 1984 διακινδυνεύειν
1247 1945 1290 1994 ²).

334 2010 446 2059 Quae
472 2010 616 2051 deinde
643 2022 714 2062 per
732 2011 844 2051 illum
862 2023 1007 2051 annum
1030 2010 1155 2051 Fabio
1170 2010 1340 2062 primum
1358 2013 1397 2050 et
1411 2009 1583 2050 Minucio

320 2144 352 2186 l)
375 2143 461 2176 duas
481 2144 571 2177 enim
593 2143 744 2187 legiones
766 2154 800 2177 se
824 2143 1038 2178 adiecturum
1060 2143 1103 2177 ad
1138 2142 1362 2177 Servilianum
1399 2141 1586 2176 exereitum

230 2202 381 2236 dictator
403 2202 501 2241 dicit,
531 2202 575 2235 ad
597 2212 680 2244 quas
702 2203 866 2237 aeeedunt
889 2202 923 2245 (ἓ
948 2204 978 2244 ’7,
1001 2202 1021 2245 ἓ
1044 2202 1077 2244 9)
1100 2202 1227 2245 copiae,
1250 2213 1337 2245 quae
1359 2203 1395 2235 in
1422 2201 1507 2235 urbe
1533 2211 1585 2234 re-

230 2263 439 2303 manserunt,
459 2270 546 2303 quae
569 2260 658 2294 duae
680 2260 841 2294 videntur
863 2260 967 2294 fuisse
1003 2259 1059 2302 (cf.
1092 2272 1125 2304 p.
1158 2261 1212 2302 17)
1247 2263 1384 2303 praeter
1416 2260 1585 2303 legionem

230 2322 404 2355 classicam
427 2320 514 2362 (Liv.
536 2330 565 2354 e.
589 2320 643 2359 57,
668 2320 713 2362 7).

318 2380 352 2421 2)
375 2378 519 2412 Minime
540 2388 621 2412 vero
644 2388 687 2411 ex
708 2378 768 2412 illo
790 2378 864 2412 loeo
887 2378 1116 2421 colligendum
1138 2378 1284 2420 videtur,
1306 2378 1446 2412 omnino
1468 2387 1509 2411 ex
1525 2376 1585 2410 illo

231 2439 368 2473 demum
390 2448 481 2472 anno
505 2438 598 2480 (538)
629 2438 706 2481 plus
734 2440 898 2480 quattuor
931 2438 1122 2481 legionibus
1150 2438 1186 2471 in
1214 2437 1315 2471 ltalia
1346 2436 1584 2479 belligeratum

231 2509 312 2532 esse.
356 2497 465 2531 Immo
487 2500 564 2531 octo
586 2496 738 2541 legiones
760 2498 792 2531 ei
818 2497 993 2539 exercitui,
1015 2498 1075 2540 qui
1105 2499 1180 2530 tum
1209 2499 1329 2531 eontra
1358 2495 1584 2530 Hannibalem

232 2559 269 2591 in
294 2557 398 2590 armis
420 2559 504 2599 erat,
528 2560 771 2600 opponuntur;
794 2567 851 2590 sex
873 2556 1023 2600 legiones
1045 2557 1115 2590 iam
1137 2559 1219 2590 ante
1240 2566 1390 2600 pugnam
1406 2554 1583 2589 ad'rmu-

234 2626 395 2650 mennum
417 2615 543 2649 factam
565 2616 627 2649 sub
649 2615 843 2651 oonsulibus
865 2614 969 2649 fuisse
992 2626 1060 2649 non
1083 2617 1187 2658 negat
1209 2615 1277 2648 illis
1288 2613 1402 2649 verbis
1413 2612 1583 2656 Polybius.
