1824 3009
893 236 942 273 34

239 351 375 388 serunt
402 347 480 398 (24,
509 349 571 398 44,
599 347 652 398 7),
680 359 751 399 per
777 346 875 387 duos
904 347 1049 387 deinde
1077 360 1202 388 annos
1229 348 1303 388 sub
1331 348 1381 387 M.
1409 347 1523 387 Iunio
1550 347 1593 387 in

239 414 400 455 Etruria
426 414 585 454 fuerunt
611 414 715 463 (Liv.
743 416 803 465 25,
832 416 867 466 3,
895 412 949 465 4).

340 483 487 522 Eorum
514 482 638 533 igitur
655 482 900 522 exercituum
917 482 1185 522 consularium
1203 483 1303 522 alter
1318 483 1391 523 sub
1407 482 1594 522 Marcello

238 561 309 600 per
337 549 594 599 insequentes
622 561 747 588 annos
775 552 912 588 contra
928 548 1192 589 Hannibalem
1218 549 1412 601 pugnavit
1436 549 1514 600 (26,
1534 550 1594 599 38,

238 616 274 654 6.
305 615 362 654 11.
391 627 423 655 c.
452 616 513 665 39,
541 617 576 654 4.
605 617 666 666 27,
694 613 730 665 2,
759 627 790 654 c.
822 616 987 654 12—14.·
1010 627 1042 655 c.
1062 616 1123 666 22,
1142 618 1177 655 2.
1208 628 1240 655 c.
1259 617 1308 654 26
1327 615 1441 667 sqq.)‚
1468 614 1594 655 donec

237 695 341 722 anno
370 683 444 722 546
473 682 684 722 Marcellus
711 694 833 733 prope
861 682 1076 721 Venusiam
1093 682 1323 723 interfectus
1341 686 1411 722 est.
1437 681 1593 722 Deinde

238 748 458 789 exercitum
499 749 586 788 eius
625 748 731 788 filius
759 747 976 789 Venusiam
1003 748 1117 789 duxit
1143 751 1192 797 (c.
1219 751 1268 789 29
1295 749 1408 799 init).
1458 748 1593 789 Altero

239 815 416 856 exercitu
444 815 628 855 Valerius
655 815 867 866 Laevinus,
895 815 1001 866 quod
1027 816 1222 867 reliquum
1248 816 1345 856 belli
1377 816 1420 856 in
1453 815 1595 856 Sicilia

237 888 333 935 erat,
359 882 579 933 Agrigento
607 886 723 933 capto
751 881 921 922 confecit
947 882 1024 933 (26,
1052 884 1113 922 40.
1141 881 1221 934 41).
1261 883 1338 923 Per
1355 895 1501 923 annum
1519 884 1592 921 545

237 950 404 990 Fulvius
432 949 611 999 Flaccus,
636 949 705 998 qui
733 948 911 1000 Capuam
944 953 1252 1000 expugnaverat,
1283 950 1335 989 iis
1368 949 1593 999 legionibus

237 1015 421 1067 praefuit,
457 1027 574 1066 quem
608 1014 649 1054 in
687 1014 864 1054 Lucania
890 1015 1014 1055 fuisse
1041 1016 1315 1066 cognoscimus
1343 1028 1392 1056 ex
1419 1015 1504 1055 Liv.
1530 1016 1594 1066 27,

241 1084 300 1134 15,
329 1084 363 1121 2.
408 1082 455 1121 T.
483 1081 692 1129 Quinctius
720 1081 868 1132 consul,
896 1080 1091 1122 cui‘anno
1119 1083 1194 1121 546
1221 1086 1447 1133 evenerunt,
1484 1084 1590 1133 post-

237 1161 357 1201 quam
385 1161 478 1189 suas
505 1148 683 1199 legiones
712 1161 800 1188 cum
827 1148 951 1188 altero
979 1149 1156 1189 exercitu
1176 1150 1373 1190 consulari
1391 1150 1433 1190 in
1446 1149 1595 1202 Apulia

237 1215 444 1258 coniunxit
470 1216 519 1264 (c.
548 1217 609 1265 25,
641 1216 716 1266 13),
745 1218 784 1255 et
809 1215 898 1266 ipse
923 1216 1142 1256 calamitati
1168 1216 1358 1269 interfuit,
1387 1229 1466 1268 qua
1490 1217 1592 1257 Mar-

237 1283 361 1324 cellus
387 1281 620 1332 absumptus
648 1284 708 1320 est
735 1284 774 1320 et
800 1284 940 1331 postea
967 1281 1145 1333 Capuam
1163 1294 1206 1323 se
1224 1284 1374 1335 recepit
1393 1283 1442 1333 (c.
1461 1286 1523 1334 29,
1542 1284 1593 1332 2).

236 1350 335 1391 Inde
363 1351 495 1388 autem
522 1347 641 1399 paulo
668 1351 757 1398 post
784 1348 1001 1388 exercitum
1028 1348 1244 1390 Tarentum
1270 1350 1429 1390 videtur
1468 1349 1591 1390 abdu-

236 1417 344 1457 xisse
372 1418 421 1466 (c.
449 1419 510 1467 39,
539 1419 573 1455 3.
602 1417 653 1464 6.)
690 1420 729 1455 et
761 1416 803 1455 in
839 1428 888 1455 ea
926 1417 1023 1456 urbe
1063 1421 1238 1457 mortuus
1279 1429 1377 1457 esse.
1430 1418 1593 1457 Postero

237 1495 340 1524 anno
369 1505 417 1512 -—
448 1485 521 1522 547
551 1505 612 1534 —-,
641 1495 718 1534 quo
746 1483 789 1522 in
816 1482 955 1523 eodem
981 1483 1222 1536 discrimine,
1250 1496 1327 1535 quo
1353 1483 1468 1524 initio
1486 1483 1593 1534 belli,

236 1563 371 1591 rursus
411 1562 475 1590 res
517 1550 658 1589 Italiae
697 1550 866 1599 fuerunt,
907 1562 1027 1599 quum
1066 1550 1295 1590 consulibus
1335 1551 1451 1602 copia
1487 1550 1595 1589 facta

237 1620 353 1667 esset,
381 1620 421 1657 et
447 1615 624 1667 eligendi
642 1628 692 1655 ex
710 1615 893 1656 omnibus
912 1616 1164 1667 exercitibus,
1184 1616 1252 1667 qui
1269 1616 1441 1657 maxime
1459 1616 1594 1657 idonei

235 1683 476 1734 viderentur,
504 1688 543 1722 et
570 1682 793 1734 supplendi,
820 1683 924 1722 unde
951 1684 1108 1733 vellent,
1148 1683 1193 1722 Gr.
1220 1683 1326 1723 Nero
1367 1672 1503 1723 consul
1543 1695 1593 1723 ex

236 1753 404 1800 utroque
431 1749 632 1790 consulari
662 1749 839 1788 exercitu
866 1748 1083 1800 superioris
1110 1749 1205 1789 anni
1231 1761 1345 1789 suum
1377 1749 1593 1790 exercitum

236 1816 416 1867 coegisse
442 1815 590 1855 dicitur
617 1814 720 1864 (Liv.
748 1827 779 1853 c.
807 1817 869 1865 40,
901 1815 976 1863 14).
1030 1815 1159 1862 Quum
1197 1827 1290 1855 vero
1330 1815 1594 1867 quadraginta

238 1881 351 1921 milia
378 1879 568 1932 peditum,
596 1878 674 1919 duo
702 1879 814 1919 milia
841 1883 880 1919 et
908 1880 1145 1930 quingentos
1172 1881 1326 1932 equites
1354 1894 1404 1922 ex
1440 1874 1593 1922 duobus

236 1948 477 1989 exercitibus
517 1948 663 1987 electos
703 1959 791 1986 esse
827 1947 990 1986 minime
1024 1948 1077 1987 sit
1103 1948 1320 1988 verisimile
1347 1971 1398 1976 —
1425 1949 1461 1988 is
1488 1950 1593 1988 enim

235 2026 421 2054 numerus
450 2017 634 2064 quattuor
660 2013 861 2063 legionum
888 2017 959 2062 est,
987 2025 1060 2053 nec
1083 2013 1363 2065 intellegimus,
1389 2026 1491 2065 quae
1509 2014 1591 2054 fue-

236 2080 316 2120 rint
342 2079 520 2130 reliquae
548 2080 699 2131 copiae,
728 2091 826 2129 quas
866 2078 912 2126 Q.
950 2079 1091 2119 Fulvio
1131 2080 1358 2131 proconsuli
1399 2080 1593 2121 Hostilius

235 2146 393 2185 tradere
421 2146 552 2184 iussus
594 2149 654 2183 est
680 2166 742 2193 —,
771 2144 918 2183 maiore
960 2144 1038 2184 fide
1077 2145 1192 2185 nobis
1234 2145 1359 2196 digna
1397 2146 1592 2198 videntur,

236 2224 338 2263 quae
363 2210 531 2263 legimus
560 2223 591 2250 c.
620 2212 681 2260 38,
709 2212 731 2249 8
763 2232 808 2237 -
837 2222 1076 2261 quamquam
1103 2223 1182 2251 non
1208 2211 1295 2263 ipse
1314 2211 1452 2253 Livius
1479 2224 1589 2253 enar-

234 2283 307 2330 rat,
335 2278 408 2319 sed
435 2278 536 2318 alter
563 2277 699 2318 consul
727 2277 911 2317 invidens
939 2278 1115 2328 collegae
1142 2277 1241 2319 dicit
1269 2292 1336 2317 -ε
1374 2279 1592 2331 „collegam

235 2358 286 2386 ex
312 2344 467 2386 duobus
495 2344 769 2385 consularibus
796 2344 1037 2385 exercitibus
1066 2348 1105 2386 et
1130 2345 1259 2397 tertio,
1282 2345 1351 2386 xcui
1388 2345 1433 2393 Q.
1475 2344 1590 2387 Clau-

234 2411 325 2452 dius
353 2412 517 2451 Tarenti
544 2415 757 2462 praeesset,
787 2411 1022 2451 electionem
1050 2410 1231 2452 habere.“
1271 2411 1376 2451 Nam
1401 2424 1480 2452 non
1505 2412 1591 2452 sine

233 2477 317 2518 ulla
342 2490 465 2518 causa
491 2478 599 2518 tertii
626 2477 734 2518 illius
763 2477 961 2518 exercitus
989 2477 1228 2523 mentionem
1255 2477 1401 2519 factam
1427 2490 1527 2524 esse,
1541 2491 1592 2519 ex

233 2557 282 2585 eo
308 2544 544 2596 colligimus,
573 2544 680 2594 quod
706 2549 788 2584 tam
814 2544 1039 2596 diligenter,
1063 2546 1127 2585 vel
1166 2545 1298 2596 potius
1338 2544 1469 2585 dicam
1509 2549 1591 2585 tam

233 2610 365 2651 ieiune
393 2610 572 2651 additum
601 2614 676 2651 est:
722 2611 786 2651 cui
814 2610 859 2658 Q.
889 2610 1079 2652 Claudius
1107 2611 1271 2652 Tarenti
1310 2616 1510 2663 praeesset
1538 2633 1589 2639 —
