1824 3009
873 183 921 220 23

222 295 460 344 viderentur,
486 294 724 345 segregavit,
752 294 809 333 ita
835 298 877 333 ut
906 294 1008 341 duae
1027 295 1203 345 legiones
1222 308 1405 335 senorum
1423 297 1575 336 milium

222 366 263 402 et
289 361 528 401 ducenorum
551 360 740 411 peditum,
767 365 1013 401 trecenorum
1035 362 1212 413 equitum
1230 363 1467 403 exsisterent
1493 363 1576 413 (Sic

221 429 327 469 enim
351 427 661 479 intellegendum
686 428 853 479 videtur,
881 429 988 479 quod
1015 429 1114 469 dicit
1143 428 1281 469 Livius
1318 431 1378 480 29,
1416 431 1477 479 24,
1517 431 1574 482 13,

224 499 297 550 14).
351 497 508 546 Quanto
536 501 666 537 autem
693 497 869 538 exercitu
902 496 1038 549 Scipio
1071 497 1114 537 in
1148 496 1326 537 Africam
1363 496 1574 537 traiecerit.

220 578 347 615 neque
375 568 434 615 29,
466 567 513 602 25
541 565 637 614 init„
661 576 788 614 neque
815 565 916 604 alias
943 564 1082 604 Livius
1110 564 1440 604 commemoravit.
1496 564 1573 614 Ap-

223 633 365 684 pianus
394 631 548 683 (Libye.
580 633 644 681 13)
668 632 918 673 transmissos
945 644 1033 672 esse
1059 631 1238 683 peditum
1256 630 1431 672 sedecim
1450 631 1573 681 milia,

219 700 372 750 equites
400 699 508 737 mille
536 703 575 738 et
602 703 819 749 sexcentos,
857 699 965 750 apud
1000 699 1162 738 Zamam
1194 710 1392 749 pugnasse
1424 698 1501 737 tria
1533 702 1573 738 et

217 766 361 818 viginti
388 765 500 804 milia
525 764 713 816 peditum,
740 765 848 805 mille
876 769 915 806 et
941 765 1178 816 quingentos
1209 765 1361 816 equites
1395 765 1571 806 tradidit.

220 833 407 873 Confecto
442 832 546 871 bello
586 843 738 871 omnem
779 831 995 871 exercitum
1034 831 1170 882 Scipio
1217 831 1376 871 domum
1414 831 1573 872 reduxit

221 899 324 949 (Liv.
355 883 415 949 εἷο,
442 898 522 948 45).

321 966 411 1004 Non
436 965 609 1004 alienum
636 964 802 1014 videtur,
828 968 917 1015 post
949 964 1126 1014 legiones
1156 964 1382 1003 Cannenses
1420 968 1570 1004 ceteros

218 1032 415 1072 exercitus
440 1042 683 1086 percensere,
720 1031 788 1081 qui
814 1043 885 1082 per
918 1030 1020 1070 illud
1051 1031 1198 1070 bellum
1232 1032 1273 1071 in
1308 1031 1448 1071 Sicilia
1488 1044 1570 1072 rem

217 1101 434 1149 gesserunt.
486 1098 536 1138 Et
563 1110 698 1138 earum
725 1097 886 1149 quidem
910 1098 1121 1149 legionum,
1149 1110 1251 1148 quae
1280 1110 1383 1138 anno
1419 1099 1491 1137 537
1528 1099 1570 1138 in

218 1155 388 1205 insulam
414 1165 559 1205 missae
584 1166 683 1213 (Pol.
710 1167 782 1216 ΙΙΙ,
810 1168 870 1205 75.
898 1166 999 1217 App.
1023 1166 1151 1205 Hann.
1169 1166 1210 1214 8)
1228 1166 1256 1215 ι)
1275 1165 1356 1205 iam
1373 1178 1476 1205 anno
1495 1168 1568 1205 539

221 1232 263 1271 in
290 1231 449 1271 Italiam
475 1236 682 1272 revocatae
709 1237 810 1284 sunt,
838 1233 913 1273 hoc
944 1233 1031 1272 loco
1073 1232 1200 1272 obiter
1237 1236 1389 1272 tantum
1423 1233 1569 1272 mentio

219 1302 279 1338 est
304 1291 502 1350 facienda,
525 1303 659 1350 utpote
688 1312 789 1350 quae
814 1300 856 1339 in
883 1300 1002 1339 Italia
1028 1303 1179 1339 tantum
1205 1311 1269 1339 res
1295 1299 1568 1339 memorabiles

218 1364 468 1404 confecerint.
521 1366 607 1404 Iam
630 1366 752 1416 igitur
787 1366 965 1405 venimus
1005 1365 1058 1405 ad
1097 1378 1187 1405 eum
1226 1365 1452 1416 exercitum,
1492 1378 1569 1415 quo

202 1431 426 1472 ‘Marcellus
455 1432 670 1483 Syracusas
698 1433 952 1483 expugnavit.
991 1432 1042 1472 Et
1058 1432 1268 1472 Marcellus
1294 1432 1454 1482 quidem
1480 1445 1568 1472 eum

217 1498 444 1549 exercitum,
473 1510 588 1549 quem
614 1503 704 1550 post
733 1499 875 1539 missas
893 1499 936 1538 in
951 1498 1131 1539 Siciliam
1148 1499 1325 1550 legiones
1342 1498 1568 1539 Cannenses

217 1569 435 1616 acceperat,
467 1588 508 1592 —
540 1570 651 1605 erant
678 1570 809 1606 autem
836 1565 938 1606 duae
958 1566 1077 1606 exiis
1096 1566 1331 1617 legionibus,
1359 1578 1460 1616 quae
1479 1570 1568 1617 post

215 1645 388 1682 pugnam
418 1631 664 1672 Cannensem
690 1634 936 1684 conscriptae
963 1645 1035 1686 peJ,¹
1059 1645 1204 1672 annum
1232 1634 1304 1671 538
1332 1633 1479 1673 Romae
1507 1645 1565 1673 re-

216 1704 441 1738 manserant
474 1720 517 1727 -
547 1699 747 1750 praesidio
773 1699 825 1738 ad
849 1699 1037 1739 tuendam
1060 1699 1203 1738 Nolam
1221 1703 1370 1738 retento
1390 1699 1463 1738 sub
1483 1699 1564 1738 hie-

216 1777 318 1804 mem
345 1764 502 1804 domum
530 1764 681 1804 dimisit
700 1764 802 1813 (Liv.
822 1767 881 1815 23,
905 1767 966 1815 48,
987 1764 1039 1813 2).
1077 1764 1416 1804 Verisimillimum
1434 1769 1565 1804 autem

216 1836 286 1882 est,
315 1843 383 1871 eas
411 1832 588 1882 legiones
616 1835 778 1882 peracta
801 1831 930 1870 hieme
967 1830 1095 1870 denuo
1138 1831 1211 1870 sub
1253 1843 1364 1870 arma
1403 1835 1564 1870 vocatas

216 1910 324 1946 esse;
365 1910 571 1948 quumque,
599 1902 642 1937 ut
667 1910 716 1937 ex
756 1897 842 1937 Liv.
883 1899 943 1947 24,
988 1900 1045 1936 11.
1084 1897 1358 1948 perspicimus,
1399 1891 1566 1937 duorum

214 1965 467 2015 exercituum,
496 1965 563 2014 qui
588 1977 690 2004 anno
720 1966 794 2002 540
820 1964 912 2004 novi
940 1963 1072 2003 educti
1112 1968 1213 2014 sunt,
1244 1986 1293 1991 —
1321 1976 1411 2003 nam
1445 1964 1564 2014 tertii,

215 2042 316 2080 quae
345 2031 501 2070 fuerunt
527 2031 703 2081 legiones
731 2030 916 2080 urbanae,
945 2031 1019 2069 hoc
1049 2031 1136 2070 loco
1166 2030 1266 2069 ratio
1284 2042 1362 2069 non
1380 2029 1564 2070 habenda

214 2100 273 2136 est
300 2119 346 2124 —
375 2098 540 2137 alterum
576 2097 805 2136 Marcellum
839 2097 1042 2148 accepisse
1082 2108 1244 2137 necesse
1282 2097 1344 2147 sit,
1383 2097 1563 2137 conicere

213 2168 317 2203 certe
343 2164 446 2214 licet,
473 2168 626 2204 veteres
653 2164 829 2215 legiones
857 2176 991 2204 rursus
1008 2163 1194 2204 Marcello
1222 2164 1411 2204 evenisse.
1447 2163 1564 2210 Quod

214 2242 261 2270 eo
289 2231 417 2282 magis
436 2231 671 2271 adducimur
688 2235 730 2271 ut
749 2231 966 2282 credamus,
986 2231 1081 2281 quia
1106 2231 1307 2282 complura
1325 2234 1414 2270 sunt
1432 2243 1561 2270 exem-

213 2297 291 2347 pla,
329 2297 471 2348 quibus
505 2298 746 2338 clarissimos
786 2297 918 2348 duces,
958 2298 1065 2337 velut
1106 2297 1284 2347 Fabium,
1329 2296 1561 2348 Gracchum,

301 2459 331 2500 1)
355 2459 478 2492 Omisit
502 2461 566 2492 hoc
587 2459 701 2493 dicere
723 2460 853 2501 Livius,
878 2461 937 2502 qui
959 2462 1073 2492 tamen
1097 2459 1276 2502 significat,
1300 2460 1470 2501 praesidia
1496 2461 1562 2493 Ro-

211 2527 310 2550 mana
332 2518 368 2550 in
394 2518 536 2551 urbibus
559 2519 688 2552 insulae
710 2518 814 2552 fuisse
835 2519 887 2560 21,
911 2518 964 2560 49,
985 2520 1015 2551 7.
1061 2518 1246 2552 Revocatas
1268 2518 1418 2562 legiones
1441 2522 1561 2552 narrat

212 2575 267 2618 23,
290 2578 343 2619 31,
366 2578 397 2609 4.
420 2588 448 2610 c.
472 2578 525 2620 32,
549 2577 580 2610 2.
