1824 3009
934 228 957 265 8

257 339 398 389 manis,
426 344 616 391 congesta
649 344 750 389 sunt,
783 339 884 379 alios
925 351 1080 389 quoque
1116 341 1295 379 auctores
1331 341 1610 390 progrediente

257 393 484 445 narratione
511 409 669 445 secutus
697 409 758 445 est
784 405 934 444 Livius.
980 405 1057 452 Qui
1085 409 1124 444 et
1150 405 1229 456 ipsi
1255 406 1358 445 inter
1384 419 1428 446 se
1456 411 1495 446 et
1521 420 1610 447 cum

257 471 487 523 pontificum
501 472 711 512 annalibus
724 484 1007 524 saepenumero
1020 472 1150 513 minus
1165 473 1412 513 conveniunt.
1430 472 1615 514 Ceterum

259 538 309 578 de
336 538 549 589 plerisque,
578 550 680 589 quae
709 543 778 578 aut
803 551 829 578 a
855 539 1084 590 pontificum
1112 539 1333 590 annalibus,
1358 544 1428 579 aut
1453 541 1504 580 ab
1522 541 1615 581 aliis

259 605 498 654 auctoribus,
526 608 594 644 aut
621 604 742 643 etiam
769 605 820 643 ab
848 605 1026 655 utrisque
1053 606 1223 656 repetita
1254 606 1357 645 inter
1387 618 1431 645 se
1467 606 1613 646 discre-

258 674 366 722 pant,
394 670 553 710 omnino
580 683 659 710 non
683 671 885 711 laborasse
903 670 1042 711 Livius
1059 672 1233 719 videtur3
1263 685 1384 723 quare
1401 672 1615 723 permultas

258 737 548 777 inconstantias
575 742 619 776 ut
645 738 872 793 perspicere
898 750 1119 789 possumus,
1148 739 1205 777 ita
1231 739 1368 778 tollere
1394 739 1615 789 nequimus,

259 803 436 855 satisque
468 804 715 855 habebimus,
752 804 787 844 si
822 804 1023 844 nonnullis
1065 805 1271 845 sententiis
1312 806 1457 846 nostris
1497 805 1615 846 fidem

258 871 434 921 aliquam
461 871 683 922 fecerimus,
724 871 777 911 ad
813 876 962 911 eertum
993 885 1087 911 vero
1127 877 1170 911 ut
1209 873 1447 923 redigamus,
1487 873 1615 913 rarius

259 937 373 977 nobis
401 937 568 978 eveniet.

363 1006 449 1045 Iam
476 1005 510 1045 si
538 1006 775 1057 quaerimus,
803 1019 973 1056 quanam
1008 1006 1160 1046 ratione
1193 1007 1383 1046 facillime
1416 1007 1471 1057 id,
1510 1007 1616 1057 quod

259 1070 442 1121 petimus,
470 1072 690 1111 assecuturi
717 1072 852 1122 simus,
879 1085 942 1111 res
969 1073 1059 1123 ipsa
1085 1072 1187 1112 ferre
1214 1072 1381 1123 videtur,
1409 1077 1452 1112 ut
1485 1072 1612 1124 dupli-

260 1149 346 1177 cem
372 1137 480 1177 viam
506 1137 788 1188 ingrediamur.
823 1138 981 1178 Etenim
1008 1139 1094 1179 eius
1121 1140 1321 1191 temporis,
1346 1152 1423 1189 quo
1441 1139 1614 1179 nondum

260 1203 402 1254 copiae
429 1204 694 1243 Romanorum
720 1204 978 1244 multifariam
1006 1205 1346 1256 dispergebantur,
1383 1206 1454 1245 sed
1480 1206 1615 1256 magni

260 1281 417 1321 semper
457 1270 654 1309 exercitus
694 1271 735 1309 in
776 1283 897 1310 unum
937 1272 1197 1322 cogebantur,
1246 1272 1371 1311 donec
1418 1276 1616 1323 postremo

259 1349 395 1377 omnes
423 1337 518 1388 fere,
547 1338 615 1388 qui
642 1338 685 1377 in
712 1338 832 1378 armis
859 1342 982 1388 erant,
1009 1339 1051 1377 in
1080 1350 1219 1389 campo
1257 1337 1455 1377 Cannensi
1493 1337 1616 1378 occisi

260 1410 362 1457 sunt,
390 1428 440 1434 —
467 1407 587 1457 illius,
613 1407 787 1458 inquam,
813 1406 1001 1458 temporis
1028 1406 1205 1457 legiones
1233 1409 1394 1446 cunctas
1430 1405 1503 1444 sub
1538 1417 1617 1444 uno

260 1477 423 1524 aspectu
450 1485 596 1524 ponere
624 1473 730 1512 haud
757 1473 921 1512 difficile
948 1477 1019 1512 est.
1057 1472 1185 1511 Aliter
1202 1484 1264 1511 res
1283 1483 1370 1511 sese
1388 1471 1508 1510 habet
1525 1475 1617 1522 post

259 1552 434 1591 pugnam
462 1538 720 1579 Cannensem.
773 1539 877 1579 Novi
906 1539 1011 1579 enim
1040 1538 1248 1589 exercitus,
1284 1538 1353 1589 qui
1379 1541 1471 1589 post
1505 1537 1616 1577 illam

261 1605 414 1645 cladem
442 1606 655 1656 conscripti
683 1611 784 1656 sunt,
811 1606 853 1645 in
879 1605 1096 1656 provinciis
1123 1605 1241 1655 plane
1268 1604 1436 1643 diversis
1468 1604 1615 1643 bellum

260 1674 487 1722 gesserunt3
515 1671 736 1723 complures
765 1683 843 1710 uno
870 1674 1045 1722 tempore
1063 1669 1159 1710 belli
1177 1669 1292 1710 sedes
1310 1669 1478 1720 fuerunt,
1506 1668 1614 1709 deni-

260 1750 337 1788 que
378 1738 514 1789 magni
554 1738 751 1778 exercitus
792 1738 833 1777 in
873 1750 993 1778 unum
1033 1739 1161 1777 locum
1196 1737 1387 1777 contracti
1422 1749 1501 1776 non
1536 1738 1616 1776 iam

260 1804 510 1855 reperiuntur
536 1808 694 1857 praeter
720 1817 821 1856 eum,
845 1817 922 1855 quo
941 1803 1080 1857 Capua
1097 1804 1260 1844 obsessa
1278 1807 1317 1844 et
1334 1803 1510 1855 alterum,
1539 1815 1616 1855 quo

260 1871 487 1911 Hasdrubal
524 1871 576 1911 ad
612 1872 832 1911 Metaurum
865 1872 993 1911 victus
1034 1876 1104 1921 est,
1146 1872 1214 1921 qui
1255 1875 1418 1921 uterquc
1453 1883 1615 1910 numero

260 1949 383 1988 prope
410 1936 566 1977 accedit
592 1937 645 1976 ad
670 1949 858 1988 magnum
883 1937 996 1977 illum
1015 1937 1230 1977 exercitum
1247 1935 1503 1976 Cannensem.
1536 1936 1613 1975 Ita-

261 2016 338 2054 que
365 2016 429 2044 res
455 2008 598 2055 monet,
626 2008 669 2044 ut
695 2004 883 2056 deinceps
910 2004 963 2044 ad
990 2004 1168 2055 singulos
1190 2004 1386 2044 exercitus
1404 2004 1613 2054 variosque

261 2082 389 2121 casus,
416 2071 485 2121 qui
513 2071 572 2110 eis
599 2070 842 2122 acciderunt,
869 2071 1044 2111 animum
1070 2071 1303 2120 rcferamus3
1338 2082 1503 2121 quorum
1535 2070 1613 2121 pri-

261 2149 367 2176 mum
394 2136 523 2176 locum
551 2137 753 2176 obtineant
779 2149 940 2184 necesse
967 2141 1027 2177 est
1053 2138 1230 2188 legiones
1258 2149 1340 2187 eae,
1375 2148 1477 2187 quae
1512 2135 1612 2176 Can-

260 2215 403 2243 nenses
431 2215 503 2255 per
529 2207 653 2243 totum
690 2204 836 2243 bellum
870 2204 1094 2255 appellatae
1131 2208 1231 2255 sunt,
1269 2208 1311 2243 ut
1351 2216 1452 2254 quae
1492 2206 1531 2242 et
1574 2204 1616 2243 in

259 2269 392 2321 priore
420 2274 460 2309 et
487 2270 529 2309 in
557 2269 776 2321 posteriore
803 2270 911 2310 velut
944 2274 1035 2310 actu
1068 2270 1185 2310 huius
1221 2270 1316 2310 belli
1352 2274 1484 2323 partes
1522 2282 1615 2311 suas

260 2336 415 2387 egerint
440 2349 515 2376 nec
541 2336 620 2376 nisi
647 2336 759 2376 finito
786 2337 890 2377 bello
916 2337 966 2377 de
984 2350 1103 2377 scena
1120 2337 1371 2377 decesserint.
1412 2338 1614 2378 Postremo

258 2415 365 2453 vero,
392 2403 428 2442 si
455 2403 614 2454 singula
640 2403 961 2454 spectaverimus,
989 2404 1111 2443 innisi
1138 2408 1177 2443 et
1198 2404 1261 2455 iis,
1289 2416 1390 2455 quae
1418 2416 1467 2443 ex
1495 2404 1612 2444 Livio

261 2469 481 2520 ceterisque
508 2470 735 2510 auctoribus
763 2470 1092 2522 perspexerimus,
1123 2475 1161 2510 et
1179 2471 1241 2522 iis,
1261 2483 1361 2522 quae
1382 2471 1497 2511 nobis
1515 2471 1614 2522 ipsis

260 2536 466 2587 explorare
492 2537 713 2588 contigerit,
740 2550 875 2577 omnes
902 2538 1111 2588 exercitus,
1136 2537 1279 2588 quibus
1297 2550 1369 2589 per
1385 2537 1612 2577 universum

257 2602 406 2642 bellum
433 2615 495 2642 res
522 2604 683 2655 publica
711 2604 888 2644 Romana
914 2608 1028 2655 gesta
1054 2608 1124 2655 est,
1150 2604 1192 2644 in
1216 2617 1336 2645 unum
1355 2603 1611 2644 conferemus.
