1824 3009
845 206 887 242 Χ9

310 317 393 357 Iam
428 317 550 368 igitur
582 318 618 357 si
653 329 721 358 eos
759 317 954 358 exercitus
991 330 1223 369 percensere
1255 318 1447 367 volumus,
1488 315 1556 367 qui

209 394 334 433 usque
373 383 426 422 ad
465 395 637 434 pugnam
681 383 926 423 Cannensem
965 384 1112 424 bellum
1151 388 1368 435 gesserunt,
1404 383 1556 435 primus

206 448 445 501 spectandus
472 453 533 490 est
555 449 591 490 is
615 449 823 501 exercitus,
851 450 920 501 qui
946 450 1019 490 sub
1032 450 1076 490 P.
1092 450 1279 502 Scipione
1297 449 1350 490 ad
1368 449 1556 490 Trebiam

207 516 410 567 pugnavit.
953 530 956 533 “

312 581 461 633 Livius,
489 594 567 633 quo
592 583 679 622 loco
706 583 792 633 agit
818 582 868 622 dc
895 583 990 622 belli
1016 583 1284 635 apparatibus,
1313 583 1381 634 qui
1409 583 1450 622 in
1487 594 1554 621 an-

206 661 299 688 num
327 650 400 687 536
428 648 525 689 facti
551 649 641 699 sint,
667 648 746 699 (21,
769 647 834 699 17)
862 661 933 688 sex
950 649 1127 699 legiones
1145 649 1323 689 decretas
1340 661 1429 689 esse
1446 648 1557 698 dicit,

206 714 264 754 ita
290 719 333 755 ut
359 715 475 755 binas
502 715 683 755 consules
709 715 818 754 illius
846 716 940 755 anni
966 716 1201 768 acciperent,
1241 716 1395 756 duabus
1422 715 1556 755 Gallia

207 786 475 834 occuparetur.
521 782 643 822 Addit
669 782 739 822 illo
766 782 863 833 loco,
892 782 1072 834 Scipioni
1100 783 1228 824 minus
1256 784 1458 835 copiarum
1485 782 1553 822 da-

205 853 288 888 tum
315 860 413 899 esse,
441 861 559 898 quam
586 848 831 899 Sempronio,
859 849 954 898 quia
975 849 1018 888 in
1036 849 1197 889 easdem
1213 849 1296 889 fere
1314 849 1496 900 regiones
1514 847 1556 898 ¹),

205 914 248 954 in
274 926 374 965 quas
400 913 640 966 Scipionem,
666 913 844 955 validum
872 914 1088 955 exercitum
1114 915 1188 956 sub
1210 915 1357 956 Manlio
1375 918 1557 967 praetore

206 984 366 1034 senatus
393 981 583 1020 missurus
611 980 741 1020 fuerit.
781 980 894 1019 Nihil
920 981 1025 1020 enim
1051 981 1162 1020 aliud
1176 982 1377 1033 significat
1406 981 1555 1029 „mitte-

206 1044 357 1096 batur“,
386 1058 504 1097 quam
531 1046 566 1086 si
593 1046 761 1086 dixisset
786 1045 925 1086 Livius
954 1046 1136 1097 „missuri
1154 1048 1312 1097 erant“;
1339 1059 1418 1087 uno
1435 1047 1558 1098 igitur

207 1117 381 1165 tempore
409 1117 448 1153 et
475 1114 656 1153 consules
684 1117 724 1152 et
748 1113 918 1153 Manlius
957 1113 1173 1164 profecturi
1207 1114 1331 1154 fuisse
1363 1115 1558 1154 videntur.

207 1179 292 1219 Iam
319 1191 439 1229 quum
466 1179 596 1230 planis
622 1179 756 1219 verbis
783 1183 1127 1219 commemoratum
1154 1181 1217 1231 sit,
1257 1180 1428 1220 divisam
1455 1181 1558 1220 inter

207 1245 306 1285 duos
333 1246 590 1297 imperatores
617 1245 660 1285 in
686 1245 768 1285 illis
796 1245 1036 1296 regionibus,
1063 1246 1089 1284 i.
1116 1258 1149 1285 e.
1176 1246 1219 1285 in
1246 1245 1380 1286 Gallia
1416 1250 1456 1286 et
1486 1246 1556 1285 Hi-

207 1312 359 1364 spania,
386 1313 483 1352 belli
511 1311 892 1352 administrationem
919 1324 1079 1352 causam
1114 1312 1250 1364 fuisse,
1290 1325 1359 1353 cur
1393 1312 1555 1352 alterius

208 1380 381 1420 consulis
408 1380 605 1420 exercitus
632 1380 937 1431 imminueretur,
956 1380 1182 1420 existimare
1200 1381 1318 1421 facile
1336 1392 1555 1431 possumus,

208 1446 411 1498 aliquanto
439 1446 628 1486 maiorem
654 1446 779 1487 fuisse
806 1445 1030 1498 Sempronii
1057 1447 1283 1487 exercitum.
1321 1446 1395 1486 Cui
1423 1450 1555 1487 tamen

207 1513 384 1565 opinioni
411 1513 572 1554 minime
599 1526 662 1553 res
688 1513 779 1565 ipsa
804 1513 1027 1565 respondet.
1065 1513 1169 1554 Nam
1194 1517 1351 1565 praeter
1368 1513 1555 1564 exiguam

207 1592 365 1619 manum
392 1580 597 1629 sociorum,
635 1579 778 1629 quibus
814 1581 1027 1630 superabat
1059 1580 1252 1629 collegam
1287 1579 1554 1630 Sempronius,

206 1645 324 1697 plane
350 1645 452 1685 nihil
476 1645 655 1692 interfuit
680 1645 783 1686 inter
822 1649 1029 1697 utrumque
1069 1646 1295 1686 exercitum.
1348 1644 1555 1696 Quumque

207 1711 365 1752 Livium
390 1712 521 1763 ipsum
547 1725 626 1752 non
652 1712 809 1763 fugerit,
836 1724 931 1752 sane
957 1712 1154 1752 infirmum
1181 1724 1267 1752 esse
1300 1712 1353 1751 ad
1385 1713 1553 1763 proban-

206 1778 300 1820 dum
326 1778 426 1820 illud
464 1779 615 1828 „minus
650 1779 889 1831 copiarum“,
922 1779 966 1820 id
992 1779 1160 1832 addidit,
1191 1779 1351 1821 navium
1382 1780 1554 1820 maxime

206 1857 410 1885 numerum
437 1846 616 1896 Scipioni
642 1846 890 1885 imminutum
917 1858 1016 1896 esse,
1044 1845 1388 1896 quibus''[:quidem
1421 1846 1573 1885 verbis¹

206 1924 391 1963 magnum
418 1911 631 1952 discrimen
657 1912 760 1952 inter
785 1916 989 1953 terrestres
1017 1912 1152 1964 copias
1180 1912 1304 1953 fuisse
1321 1912 1408 1964 ipse
1425 1916 1554 1963 negat.

204 1978 289 2018 Iam
314 1990 408 2018 vero
434 1982 566 2017 nostro
594 1978 679 2018 iure
706 1979 943 2030 quaerimus,
971 1979 1039 2029 qui
1068 1979 1154 2019 fieri
1181 1979 1363 2030 potuerit,
1381 1983 1424 2018 ut
1441 1991 1550 2018 exer-

206 2044 306 2084 citus
333 2048 518 2084 terrester
542 2045 585 2083 in
620 2043 793 2084 Galliam
825 2045 969 2085 missus
1006 2057 1127 2085 causa
1165 2045 1373 2085 exsisteret
1414 2045 1553 2084 classis

207 2110 386 2161 Scipioni
413 2110 717 2150 imminuendae.
769 2110 904 2162 Immo,
933 2123 1034 2161 quae
1060 2123 1156 2151 vera
1182 2123 1302 2151 causa
1328 2110 1457 2161 fuerit,
1486 2123 1555 2150 cur

205 2177 333 2217 minor
359 2177 499 2217 classis
526 2177 568 2216 in
594 2177 829 2229 Hispaniam
854 2178 1084 2229 mitteretur,
1113 2178 1247 2218 statim
1265 2177 1402 2218 Livius
1429 2177 1551 2228 signi-

205 2243 308 2295 ficat,
336 2256 455 2294 quum
482 2244 595 2284 dicit:
626 2256 776 2295 „neque
804 2244 909 2284 enim
935 2245 1036 2284 mari
1062 2249 1267 2285 venturum
1292 2248 1426 2284 autea
1442 2248 1554 2295 parte

295 2396 327 2440 1)
351 2398 407 2439 „et
429 2397 522 2440 ipse“
543 2398 644 2440 enim,
667 2397 759 2441 quod
780 2397 866 2432 dicit
888 2397 1006 2432 Livius
1029 2396 1063 2440 (ξ
1088 2397 1133 2439 7),
1167 2406 1244 2430 cum
1274 2396 1550 2430 Weissenbornio

205 2456 254 2488 sic
275 2456 520 2498 intellegimus:
552 2457 650 2495 „weil
673 2458 876 2500 wenigstens
897 2458 945 2489 im
970 2456 999 2489 G
1013 2467 1067 2489 an
1081 2467 1097 2488 z
1110 2466 1129 2488 e
1142 2466 1165 2488 n
1187 2455 1243 2488 die
1276 2454 1452 2496 Richtung
1480 2455 1555 2488 eine

207 2513 337 2555 gleiche
360 2524 441 2553 war,
467 2516 530 2547 wie
546 2515 609 2548 die
631 2515 689 2548 des
700 2514 826 2558 Scipio,
846 2515 1141 2557 entgegengesetzt
1154 2513 1215 2546 der
1230 2513 1290 2546 des
1302 2512 1552 2555 Sempronius“‚

206 2572 297 2614 quod
319 2575 437 2616 postea
460 2573 512 2607 his
534 2574 646 2608 verbis
667 2575 885 2618 explanatur:
908 2573 1026 2608 eodem
1048 2584 1145 2607 versa
1165 2573 1201 2606 in
1224 2572 1390 2606 Punicum
1412 2572 1551 2606 bellum·
